price,quantity,type,timestamp
29699000,0.3929,0,2022-11-06 13:26:52.586
29691000,0.0517,0,2022-11-06 13:26:52.586
29690000,0.1521,0,2022-11-06 13:26:52.586
29689000,0.049,0,2022-11-06 13:26:52.586
29688000,0.4977,0,2022-11-06 13:26:52.586
29700000,0.0547,1,2022-11-06 13:26:52.586
29701000,0.0832,1,2022-11-06 13:26:52.586
29702000,0.055,1,2022-11-06 13:26:52.586
29704000,0.105,1,2022-11-06 13:26:52.586
29705000,0.0523,1,2022-11-06 13:26:52.586
29699000,0.3455,0,2022-11-06 13:26:53.691
29692000,0.0613,0,2022-11-06 13:26:53.691
29691000,0.0517,0,2022-11-06 13:26:53.691
29690000,0.1825,0,2022-11-06 13:26:53.691
29689000,0.049,0,2022-11-06 13:26:53.691
29700000,0.0394,1,2022-11-06 13:26:53.691
29701000,0.0832,1,2022-11-06 13:26:53.691
29702000,0.055,1,2022-11-06 13:26:53.691
29704000,0.105,1,2022-11-06 13:26:53.691
29705000,0.0523,1,2022-11-06 13:26:53.691
29699000,0.2673,0,2022-11-06 13:26:54.661
29692000,0.1464,0,2022-11-06 13:26:54.661
29691000,0.0517,0,2022-11-06 13:26:54.661
29690000,0.1201,0,2022-11-06 13:26:54.661
29689000,0.049,0,2022-11-06 13:26:54.661
29700000,0.0634,1,2022-11-06 13:26:54.661
29701000,0.0832,1,2022-11-06 13:26:54.661
29702000,0.055,1,2022-11-06 13:26:54.661
29704000,0.105,1,2022-11-06 13:26:54.661
29705000,0.0523,1,2022-11-06 13:26:54.661
29699000,0.2673,0,2022-11-06 13:26:55.812
29692000,0.1464,0,2022-11-06 13:26:55.812
29691000,0.0517,0,2022-11-06 13:26:55.812
29690000,0.1201,0,2022-11-06 13:26:55.812
29689000,0.049,0,2022-11-06 13:26:55.812
29700000,0.0481,1,2022-11-06 13:26:55.812
29702000,0.055,1,2022-11-06 13:26:55.812
29704000,0.105,1,2022-11-06 13:26:55.812
29705000,0.0523,1,2022-11-06 13:26:55.812
29706000,0.1037,1,2022-11-06 13:26:55.812
29699000,0.2673,0,2022-11-06 13:26:56.541
29692000,0.1464,0,2022-11-06 13:26:56.541
29691000,0.0517,0,2022-11-06 13:26:56.541
29690000,0.1201,0,2022-11-06 13:26:56.541
29689000,0.049,0,2022-11-06 13:26:56.541
29700000,0.0481,1,2022-11-06 13:26:56.541
29701000,0.015,1,2022-11-06 13:26:56.541
29702000,0.055,1,2022-11-06 13:26:56.541
29704000,0.105,1,2022-11-06 13:26:56.541
29705000,0.0523,1,2022-11-06 13:26:56.541
29699000,0.2673,0,2022-11-06 13:26:58.621
29695000,0.0872,0,2022-11-06 13:26:58.621
29692000,0.1961,0,2022-11-06 13:26:58.621
29690000,0.1585,0,2022-11-06 13:26:58.621
29689000,0.049,0,2022-11-06 13:26:58.621
29700000,0.0001,1,2022-11-06 13:26:58.621
29701000,0.015,1,2022-11-06 13:26:58.621
29702000,0.055,1,2022-11-06 13:26:58.621
29704000,0.105,1,2022-11-06 13:26:58.621
29705000,0.0523,1,2022-11-06 13:26:58.621
29699000,0.2619,0,2022-11-06 13:26:59.652
29695000,0.0872,0,2022-11-06 13:26:59.652
29694000,0.0546,0,2022-11-06 13:26:59.652
29692000,0.1961,0,2022-11-06 13:26:59.652
29690000,0.1585,0,2022-11-06 13:26:59.652
29700000,0.0001,1,2022-11-06 13:26:59.652
29701000,0.015,1,2022-11-06 13:26:59.652
29702000,0.0164,1,2022-11-06 13:26:59.652
29704000,0.105,1,2022-11-06 13:26:59.652
29705000,0.0523,1,2022-11-06 13:26:59.652
29699000,0.2619,0,2022-11-06 13:27:00.818
29695000,0.0872,0,2022-11-06 13:27:00.818
29694000,0.1067,0,2022-11-06 13:27:00.818
29692000,0.1961,0,2022-11-06 13:27:00.818
29690000,0.1585,0,2022-11-06 13:27:00.818
29700000,0.0001,1,2022-11-06 13:27:00.818
29701000,0.0607,1,2022-11-06 13:27:00.818
29704000,0.0161,1,2022-11-06 13:27:00.818
29706000,0.0394,1,2022-11-06 13:27:00.818
29708000,0.0006,1,2022-11-06 13:27:00.818
29699000,0.2619,0,2022-11-06 13:27:01.711
29695000,0.0872,0,2022-11-06 13:27:01.711
29694000,0.1067,0,2022-11-06 13:27:01.711
29692000,0.1961,0,2022-11-06 13:27:01.711
29690000,0.1585,0,2022-11-06 13:27:01.711
29700000,0.0001,1,2022-11-06 13:27:01.711
29701000,0.0607,1,2022-11-06 13:27:01.711
29704000,0.0161,1,2022-11-06 13:27:01.711
29706000,0.0394,1,2022-11-06 13:27:01.711
29708000,0.0006,1,2022-11-06 13:27:01.711
29702000,0.0608,0,2022-11-06 13:27:02.644
29701000,0.0655,0,2022-11-06 13:27:02.644
29699000,0.2619,0,2022-11-06 13:27:02.644
29696000,0.0545,0,2022-11-06 13:27:02.644
29695000,0.0872,0,2022-11-06 13:27:02.644
29704000,0.0161,1,2022-11-06 13:27:02.644
29706000,0.1242,1,2022-11-06 13:27:02.644
29707000,0.0662,1,2022-11-06 13:27:02.644
29708000,0.0006,1,2022-11-06 13:27:02.644
29709000,0.3995,1,2022-11-06 13:27:02.644
29701000,0.0655,0,2022-11-06 13:27:03.714
29699000,0.2619,0,2022-11-06 13:27:03.714
29696000,0.0545,0,2022-11-06 13:27:03.714
29695000,0.44,0,2022-11-06 13:27:03.714
29694000,0.1673,0,2022-11-06 13:27:03.714
29703000,0.0612,1,2022-11-06 13:27:03.714
29704000,0.0161,1,2022-11-06 13:27:03.714
29706000,0.1242,1,2022-11-06 13:27:03.714
29707000,0.0147,1,2022-11-06 13:27:03.714
29708000,0.0518,1,2022-11-06 13:27:03.714
29701000,0.0567,0,2022-11-06 13:27:04.607
29699000,0.2619,0,2022-11-06 13:27:04.607
29696000,0.0545,0,2022-11-06 13:27:04.607
29695000,0.44,0,2022-11-06 13:27:04.607
29694000,0.1673,0,2022-11-06 13:27:04.607
29703000,0.0612,1,2022-11-06 13:27:04.607
29704000,0.0161,1,2022-11-06 13:27:04.607
29706000,0.1242,1,2022-11-06 13:27:04.607
29707000,0.0147,1,2022-11-06 13:27:04.607
29708000,0.0518,1,2022-11-06 13:27:04.607
29701000,0.0506,0,2022-11-06 13:27:05.681
29699000,0.2619,0,2022-11-06 13:27:05.681
29698000,0.0894,0,2022-11-06 13:27:05.681
29696000,0.1054,0,2022-11-06 13:27:05.681
29695000,0.4801,0,2022-11-06 13:27:05.681
29704000,0.0161,1,2022-11-06 13:27:05.681
29707000,0.0147,1,2022-11-06 13:27:05.681
29708000,0.0389,1,2022-11-06 13:27:05.681
29709000,0.3995,1,2022-11-06 13:27:05.681
29710000,0.0893,1,2022-11-06 13:27:05.681
29701000,0.0506,0,2022-11-06 13:27:06.661
29699000,0.2619,0,2022-11-06 13:27:06.661
29698000,0.0894,0,2022-11-06 13:27:06.661
29696000,0.0509,0,2022-11-06 13:27:06.661
29695000,0.4801,0,2022-11-06 13:27:06.661
29707000,0.0147,1,2022-11-06 13:27:06.661
29708000,0.0389,1,2022-11-06 13:27:06.661
29710000,0.0893,1,2022-11-06 13:27:06.661
29711000,0.0519,1,2022-11-06 13:27:06.661
29712000,0.0476,1,2022-11-06 13:27:06.661
29701000,0.0506,0,2022-11-06 13:27:07.743
29699000,0.2619,0,2022-11-06 13:27:07.743
29698000,0.0894,0,2022-11-06 13:27:07.743
29696000,0.0509,0,2022-11-06 13:27:07.743
29695000,0.4801,0,2022-11-06 13:27:07.743
29707000,0.0147,1,2022-11-06 13:27:07.743
29708000,0.0389,1,2022-11-06 13:27:07.743
29710000,0.0893,1,2022-11-06 13:27:07.743
29711000,0.0519,1,2022-11-06 13:27:07.743
29712000,0.0476,1,2022-11-06 13:27:07.743
29701000,0.0442,0,2022-11-06 13:27:09.677
29699000,0.2619,0,2022-11-06 13:27:09.677
29698000,0.0894,0,2022-11-06 13:27:09.677
29697000,0.0617,0,2022-11-06 13:27:09.677
29696000,0.0509,0,2022-11-06 13:27:09.677
29706000,0.0636,1,2022-11-06 13:27:09.677
29707000,0.0147,1,2022-11-06 13:27:09.677
29708000,0.0389,1,2022-11-06 13:27:09.677
29710000,0.0893,1,2022-11-06 13:27:09.677
29711000,0.0519,1,2022-11-06 13:27:09.677
29701000,0.0442,0,2022-11-06 13:27:10.749
29699000,0.2619,0,2022-11-06 13:27:10.749
29698000,0.0894,0,2022-11-06 13:27:10.749
29697000,0.0617,0,2022-11-06 13:27:10.749
29696000,0.0509,0,2022-11-06 13:27:10.749
29706000,0.0636,1,2022-11-06 13:27:10.749
29707000,0.0147,1,2022-11-06 13:27:10.749
29708000,0.0389,1,2022-11-06 13:27:10.749
29710000,0.1558,1,2022-11-06 13:27:10.749
29711000,0.0519,1,2022-11-06 13:27:10.749
29701000,0.0442,0,2022-11-06 13:27:11.385
29699000,0.2619,0,2022-11-06 13:27:11.385
29698000,0.0894,0,2022-11-06 13:27:11.385
29697000,0.0617,0,2022-11-06 13:27:11.385
29696000,0.0509,0,2022-11-06 13:27:11.385
29706000,0.0636,1,2022-11-06 13:27:11.385
29707000,0.0147,1,2022-11-06 13:27:11.385
29708000,0.0389,1,2022-11-06 13:27:11.385
29710000,0.1558,1,2022-11-06 13:27:11.385
29711000,0.0519,1,2022-11-06 13:27:11.385
29701000,0.0442,0,2022-11-06 13:27:12.741
29699000,0.2619,0,2022-11-06 13:27:12.741
29698000,0.0894,0,2022-11-06 13:27:12.741
29697000,0.0617,0,2022-11-06 13:27:12.741
29696000,0.0509,0,2022-11-06 13:27:12.741
29706000,0.0636,1,2022-11-06 13:27:12.741
29707000,0.0147,1,2022-11-06 13:27:12.741
29708000,0.0389,1,2022-11-06 13:27:12.741
29710000,0.1558,1,2022-11-06 13:27:12.741
29711000,0.0519,1,2022-11-06 13:27:12.741
29701000,0.0442,0,2022-11-06 13:27:13.671
29699000,0.2619,0,2022-11-06 13:27:13.671
29698000,0.0894,0,2022-11-06 13:27:13.671
29697000,0.0617,0,2022-11-06 13:27:13.671
29696000,0.0509,0,2022-11-06 13:27:13.671
29706000,0.0636,1,2022-11-06 13:27:13.671
29707000,0.0147,1,2022-11-06 13:27:13.671
29708000,0.0389,1,2022-11-06 13:27:13.671
29710000,0.1558,1,2022-11-06 13:27:13.671
29711000,0.0519,1,2022-11-06 13:27:13.671
29701000,0.0442,0,2022-11-06 13:27:14.611
29699000,0.2619,0,2022-11-06 13:27:14.611
29698000,0.0894,0,2022-11-06 13:27:14.611
29697000,0.0617,0,2022-11-06 13:27:14.611
29696000,0.0509,0,2022-11-06 13:27:14.611
29706000,0.0636,1,2022-11-06 13:27:14.611
29707000,0.0147,1,2022-11-06 13:27:14.611
29708000,0.0389,1,2022-11-06 13:27:14.611
29710000,0.1558,1,2022-11-06 13:27:14.611
29711000,0.0519,1,2022-11-06 13:27:14.611
29701000,0.0442,0,2022-11-06 13:27:15.704
29699000,0.2619,0,2022-11-06 13:27:15.704
29698000,0.0894,0,2022-11-06 13:27:15.704
29697000,0.0617,0,2022-11-06 13:27:15.704
29696000,0.0509,0,2022-11-06 13:27:15.704
29706000,0.0636,1,2022-11-06 13:27:15.704
29707000,0.0147,1,2022-11-06 13:27:15.704
29708000,0.0389,1,2022-11-06 13:27:15.704
29710000,0.1558,1,2022-11-06 13:27:15.704
29711000,0.0519,1,2022-11-06 13:27:15.704
29701000,0.0442,0,2022-11-06 13:27:17.634
29699000,0.2619,0,2022-11-06 13:27:17.634
29698000,0.0894,0,2022-11-06 13:27:17.634
29697000,0.0617,0,2022-11-06 13:27:17.634
29696000,0.0509,0,2022-11-06 13:27:17.634
29706000,0.0636,1,2022-11-06 13:27:17.634
29707000,0.0147,1,2022-11-06 13:27:17.634
29708000,0.0389,1,2022-11-06 13:27:17.634
29710000,0.1558,1,2022-11-06 13:27:17.634
29711000,0.0519,1,2022-11-06 13:27:17.634
29699000,0.0441,0,2022-11-06 13:28:06.677
29696000,0.0615,0,2022-11-06 13:28:06.677
29695000,0.4709,0,2022-11-06 13:28:06.677
29694000,0.0546,0,2022-11-06 13:28:06.677
29692000,0.1248,0,2022-11-06 13:28:06.677
29704000,0.0842,1,2022-11-06 13:28:06.677
29705000,0.0491,1,2022-11-06 13:28:06.677
29706000,0.1525,1,2022-11-06 13:28:06.677
29707000,0.0147,1,2022-11-06 13:28:06.677
29708000,0.1283,1,2022-11-06 13:28:06.677
29699000,0.0441,0,2022-11-06 13:28:08.613
29696000,0.0615,0,2022-11-06 13:28:08.613
29695000,0.5119,0,2022-11-06 13:28:08.613
29694000,0.0546,0,2022-11-06 13:28:08.613
29692000,0.1739,0,2022-11-06 13:28:08.613
29704000,0.0842,1,2022-11-06 13:28:08.613
29706000,0.1525,1,2022-11-06 13:28:08.613
29707000,0.0147,1,2022-11-06 13:28:08.613
29708000,0.1283,1,2022-11-06 13:28:08.613
29709000,0.388,1,2022-11-06 13:28:08.613
29699000,0.0441,0,2022-11-06 13:28:09.647
29696000,0.0615,0,2022-11-06 13:28:09.647
29695000,0.5119,0,2022-11-06 13:28:09.647
29694000,0.0546,0,2022-11-06 13:28:09.647
29692000,0.1739,0,2022-11-06 13:28:09.647
29704000,0.0842,1,2022-11-06 13:28:09.647
29706000,0.2036,1,2022-11-06 13:28:09.647
29707000,0.0147,1,2022-11-06 13:28:09.647
29708000,0.1283,1,2022-11-06 13:28:09.647
29709000,0.388,1,2022-11-06 13:28:09.647
29699000,0.0441,0,2022-11-06 13:28:10.708
29696000,0.0615,0,2022-11-06 13:28:10.708
29695000,0.5119,0,2022-11-06 13:28:10.708
29694000,0.0546,0,2022-11-06 13:28:10.708
29692000,0.1739,0,2022-11-06 13:28:10.708
29704000,0.0842,1,2022-11-06 13:28:10.708
29706000,0.2036,1,2022-11-06 13:28:10.708
29707000,0.0147,1,2022-11-06 13:28:10.708
29708000,0.1283,1,2022-11-06 13:28:10.708
29709000,0.388,1,2022-11-06 13:28:10.708
29699000,0.0441,0,2022-11-06 13:28:11.582
29696000,0.0615,0,2022-11-06 13:28:11.582
29695000,0.5119,0,2022-11-06 13:28:11.582
29694000,0.0546,0,2022-11-06 13:28:11.582
29692000,0.1739,0,2022-11-06 13:28:11.582
29704000,0.0842,1,2022-11-06 13:28:11.582
29706000,0.2036,1,2022-11-06 13:28:11.582
29707000,0.0147,1,2022-11-06 13:28:11.582
29708000,0.1283,1,2022-11-06 13:28:11.582
29709000,0.388,1,2022-11-06 13:28:11.582
29699000,0.0441,0,2022-11-06 13:28:12.602
29696000,0.0615,0,2022-11-06 13:28:12.602
29695000,0.5119,0,2022-11-06 13:28:12.602
29694000,0.0546,0,2022-11-06 13:28:12.602
29692000,0.1739,0,2022-11-06 13:28:12.602
29704000,0.0842,1,2022-11-06 13:28:12.602
29706000,0.2036,1,2022-11-06 13:28:12.602
29707000,0.0147,1,2022-11-06 13:28:12.602
29708000,0.1283,1,2022-11-06 13:28:12.602
29709000,0.388,1,2022-11-06 13:28:12.602
29699000,0.0441,0,2022-11-06 13:28:13.789
29696000,0.0615,0,2022-11-06 13:28:13.789
29695000,0.5119,0,2022-11-06 13:28:13.789
29694000,0.0546,0,2022-11-06 13:28:13.789
29692000,0.1739,0,2022-11-06 13:28:13.789
29704000,0.0842,1,2022-11-06 13:28:13.789
29706000,0.2036,1,2022-11-06 13:28:13.789
29707000,0.0147,1,2022-11-06 13:28:13.789
29708000,0.1283,1,2022-11-06 13:28:13.789
29709000,0.388,1,2022-11-06 13:28:13.789
29699000,0.0442,0,2022-11-06 13:28:15.533
29696000,0.0615,0,2022-11-06 13:28:15.533
29695000,0.5119,0,2022-11-06 13:28:15.533
29694000,0.0546,0,2022-11-06 13:28:15.533
29692000,0.1739,0,2022-11-06 13:28:15.533
29704000,0.0842,1,2022-11-06 13:28:15.533
29706000,0.2036,1,2022-11-06 13:28:15.533
29707000,0.0147,1,2022-11-06 13:28:15.533
29708000,0.1283,1,2022-11-06 13:28:15.533
29709000,0.388,1,2022-11-06 13:28:15.533
29699000,0.0442,0,2022-11-06 13:28:16.611
29696000,0.0615,0,2022-11-06 13:28:16.611
29695000,0.5119,0,2022-11-06 13:28:16.611
29694000,0.0546,0,2022-11-06 13:28:16.611
29692000,0.1739,0,2022-11-06 13:28:16.611
29704000,0.0842,1,2022-11-06 13:28:16.611
29706000,0.2036,1,2022-11-06 13:28:16.611
29707000,0.0147,1,2022-11-06 13:28:16.611
29708000,0.1283,1,2022-11-06 13:28:16.611
29709000,0.388,1,2022-11-06 13:28:16.611
29699000,0.0442,0,2022-11-06 13:28:17.614
29696000,0.0615,0,2022-11-06 13:28:17.614
29695000,0.5119,0,2022-11-06 13:28:17.614
29694000,0.0546,0,2022-11-06 13:28:17.614
29692000,0.1342,0,2022-11-06 13:28:17.614
29706000,0.1525,1,2022-11-06 13:28:17.614
29707000,0.0147,1,2022-11-06 13:28:17.614
29708000,0.1283,1,2022-11-06 13:28:17.614
29709000,0.388,1,2022-11-06 13:28:17.614
29710000,0.1069,1,2022-11-06 13:28:17.614
29699000,0.0442,0,2022-11-06 13:28:18.761
29696000,0.0615,0,2022-11-06 13:28:18.761
29695000,0.5119,0,2022-11-06 13:28:18.761
29694000,0.0546,0,2022-11-06 13:28:18.761
29692000,0.1342,0,2022-11-06 13:28:18.761
29706000,0.1525,1,2022-11-06 13:28:18.761
29707000,0.0147,1,2022-11-06 13:28:18.761
29708000,0.1283,1,2022-11-06 13:28:18.761
29709000,0.388,1,2022-11-06 13:28:18.761
29710000,0.1069,1,2022-11-06 13:28:18.761
29699000,0.0442,0,2022-11-06 13:28:19.605
29696000,0.0615,0,2022-11-06 13:28:19.605
29695000,0.5119,0,2022-11-06 13:28:19.605
29694000,0.0546,0,2022-11-06 13:28:19.605
29692000,0.1342,0,2022-11-06 13:28:19.605
29706000,0.1525,1,2022-11-06 13:28:19.605
29707000,0.0147,1,2022-11-06 13:28:19.605
29708000,0.1283,1,2022-11-06 13:28:19.605
29709000,0.388,1,2022-11-06 13:28:19.605
29710000,0.1069,1,2022-11-06 13:28:19.605
29699000,0.0442,0,2022-11-06 13:28:20.699
29696000,0.0615,0,2022-11-06 13:28:20.699
29695000,0.5119,0,2022-11-06 13:28:20.699
29694000,0.0546,0,2022-11-06 13:28:20.699
29692000,0.1342,0,2022-11-06 13:28:20.699
29706000,0.1525,1,2022-11-06 13:28:20.699
29707000,0.0147,1,2022-11-06 13:28:20.699
29708000,0.1283,1,2022-11-06 13:28:20.699
29709000,0.388,1,2022-11-06 13:28:20.699
29710000,0.1069,1,2022-11-06 13:28:20.699
29699000,0.0442,0,2022-11-06 13:28:21.689
29696000,0.0615,0,2022-11-06 13:28:21.689
29695000,0.5119,0,2022-11-06 13:28:21.689
29694000,0.0546,0,2022-11-06 13:28:21.689
29692000,0.1342,0,2022-11-06 13:28:21.689
29706000,0.1525,1,2022-11-06 13:28:21.689
29707000,0.0147,1,2022-11-06 13:28:21.689
29708000,0.1283,1,2022-11-06 13:28:21.689
29709000,0.388,1,2022-11-06 13:28:21.689
29710000,0.1069,1,2022-11-06 13:28:21.689
29699000,0.0442,0,2022-11-06 13:28:22.852
29696000,0.0615,0,2022-11-06 13:28:22.852
29695000,0.5119,0,2022-11-06 13:28:22.852
29694000,0.0546,0,2022-11-06 13:28:22.852
29692000,0.1342,0,2022-11-06 13:28:22.852
29706000,0.1525,1,2022-11-06 13:28:22.852
29707000,0.0147,1,2022-11-06 13:28:22.852
29708000,0.1283,1,2022-11-06 13:28:22.852
29709000,0.388,1,2022-11-06 13:28:22.852
29710000,0.1069,1,2022-11-06 13:28:22.852
29661000,0.0689,0,2022-11-06 15:16:25.757
29660000,0.0852,0,2022-11-06 15:16:25.757
29658000,0.0399,0,2022-11-06 15:16:25.757
29657000,0.512,0,2022-11-06 15:16:25.757
29656000,0.0875,0,2022-11-06 15:16:25.757
29668000,0.6749,1,2022-11-06 15:16:25.757
29669000,0.0206,1,2022-11-06 15:16:25.757
29670000,0.1774,1,2022-11-06 15:16:25.757
29671000,0.0082,1,2022-11-06 15:16:25.757
29672000,0.1709,1,2022-11-06 15:16:25.757
29661000,0.0689,0,2022-11-06 15:16:27.769
29660000,0.0852,0,2022-11-06 15:16:27.769
29658000,0.0399,0,2022-11-06 15:16:27.769
29657000,0.512,0,2022-11-06 15:16:27.769
29656000,0.0875,0,2022-11-06 15:16:27.769
29668000,0.6749,1,2022-11-06 15:16:27.769
29669000,0.0206,1,2022-11-06 15:16:27.769
29670000,0.1774,1,2022-11-06 15:16:27.769
29671000,0.0082,1,2022-11-06 15:16:27.769
29672000,0.1709,1,2022-11-06 15:16:27.769
29661000,0.0689,0,2022-11-06 15:16:28.764
29660000,0.0852,0,2022-11-06 15:16:28.764
29658000,0.0399,0,2022-11-06 15:16:28.764
29657000,0.512,0,2022-11-06 15:16:28.764
29656000,0.0875,0,2022-11-06 15:16:28.764
29668000,0.6749,1,2022-11-06 15:16:28.764
29669000,0.0206,1,2022-11-06 15:16:28.764
29670000,0.1774,1,2022-11-06 15:16:28.764
29671000,0.0082,1,2022-11-06 15:16:28.764
29672000,0.1709,1,2022-11-06 15:16:28.764
29661000,0.0689,0,2022-11-06 15:16:29.605
29660000,0.0852,0,2022-11-06 15:16:29.605
29658000,0.0399,0,2022-11-06 15:16:29.605
29657000,0.512,0,2022-11-06 15:16:29.605
29656000,0.0875,0,2022-11-06 15:16:29.605
29668000,0.6749,1,2022-11-06 15:16:29.605
29669000,0.0206,1,2022-11-06 15:16:29.605
29670000,0.1774,1,2022-11-06 15:16:29.605
29671000,0.0082,1,2022-11-06 15:16:29.605
29672000,0.1709,1,2022-11-06 15:16:29.605
29661000,0.0689,0,2022-11-06 15:16:30.693
29660000,0.0852,0,2022-11-06 15:16:30.693
29658000,0.0399,0,2022-11-06 15:16:30.693
29657000,0.512,0,2022-11-06 15:16:30.693
29656000,0.0875,0,2022-11-06 15:16:30.693
29668000,0.6749,1,2022-11-06 15:16:30.693
29669000,0.0206,1,2022-11-06 15:16:30.693
29670000,0.1774,1,2022-11-06 15:16:30.693
29671000,0.0082,1,2022-11-06 15:16:30.693
29672000,0.1709,1,2022-11-06 15:16:30.693
29660000,0.0845,0,2022-11-06 15:18:50.650
29659000,0.0486,0,2022-11-06 15:18:50.650
29658000,0.1053,0,2022-11-06 15:18:50.650
29657000,0.0521,0,2022-11-06 15:18:50.650
29656000,0.1277,0,2022-11-06 15:18:50.650
29668000,0.0645,1,2022-11-06 15:18:50.650
29669000,0.1358,1,2022-11-06 15:18:50.650
29670000,0.135,1,2022-11-06 15:18:50.650
29671000,0.0082,1,2022-11-06 15:18:50.650
29672000,0.1687,1,2022-11-06 15:18:50.650
29661000,0.0119,0,2022-11-06 15:18:51.662
29660000,0.0845,0,2022-11-06 15:18:51.662
29659000,0.0866,0,2022-11-06 15:18:51.662
29658000,0.1553,0,2022-11-06 15:18:51.662
29657000,0.0521,0,2022-11-06 15:18:51.662
29668000,0.0645,1,2022-11-06 15:18:51.662
29669000,0.1358,1,2022-11-06 15:18:51.662
29670000,0.135,1,2022-11-06 15:18:51.662
29671000,0.0082,1,2022-11-06 15:18:51.662
29672000,0.1197,1,2022-11-06 15:18:51.662
29661000,0.0119,0,2022-11-06 15:18:52.846
29660000,0.0845,0,2022-11-06 15:18:52.846
29659000,0.0866,0,2022-11-06 15:18:52.846
29658000,0.1393,0,2022-11-06 15:18:52.846
29656000,0.0875,0,2022-11-06 15:18:52.846
29669000,0.1358,1,2022-11-06 15:18:52.846
29670000,0.135,1,2022-11-06 15:18:52.846
29671000,0.0082,1,2022-11-06 15:18:52.846
29672000,0.1197,1,2022-11-06 15:18:52.846
29673000,0.0524,1,2022-11-06 15:18:52.846
29661000,0.0119,0,2022-11-06 15:18:53.594
29660000,0.0845,0,2022-11-06 15:18:53.594
29659000,0.0866,0,2022-11-06 15:18:53.594
29658000,0.1393,0,2022-11-06 15:18:53.594
29656000,0.0875,0,2022-11-06 15:18:53.594
29669000,0.1358,1,2022-11-06 15:18:53.594
29670000,0.135,1,2022-11-06 15:18:53.594
29671000,0.0082,1,2022-11-06 15:18:53.594
29672000,0.1197,1,2022-11-06 15:18:53.594
29673000,0.0524,1,2022-11-06 15:18:53.594
29666000,0.0433,0,2022-11-06 15:25:28.762
29665000,0.0396,0,2022-11-06 15:25:28.762
29664000,0.1059,0,2022-11-06 15:25:28.762
29663000,0.2855,0,2022-11-06 15:25:28.762
29661000,0.0476,0,2022-11-06 15:25:28.762
29675000,0.05426302,1,2022-11-06 15:25:28.762
29677000,0.0838,1,2022-11-06 15:25:28.762
29678000,0.0312,1,2022-11-06 15:25:28.762
29679000,0.0858,1,2022-11-06 15:25:28.762
29680000,0.7834,1,2022-11-06 15:25:28.762
29668000,0.0396,0,2022-11-06 15:25:29.675
29666000,0.1411,0,2022-11-06 15:25:29.675
29665000,0.0396,0,2022-11-06 15:25:29.675
29664000,0.1059,0,2022-11-06 15:25:29.675
29663000,0.6471,0,2022-11-06 15:25:29.675
29678000,0.0312,1,2022-11-06 15:25:29.675
29679000,0.0858,1,2022-11-06 15:25:29.675
29680000,0.7289,1,2022-11-06 15:25:29.675
29681000,0.0503,1,2022-11-06 15:25:29.675
29682000,0.4364,1,2022-11-06 15:25:29.675
29668000,0.1273,0,2022-11-06 15:25:30.645
29667000,0.0631,0,2022-11-06 15:25:30.645
29666000,0.1411,0,2022-11-06 15:25:30.645
29665000,0.0396,0,2022-11-06 15:25:30.645
29664000,0.1059,0,2022-11-06 15:25:30.645
29678000,0.0312,1,2022-11-06 15:25:30.645
29679000,0.0858,1,2022-11-06 15:25:30.645
29680000,0.7289,1,2022-11-06 15:25:30.645
29681000,0.0503,1,2022-11-06 15:25:30.645
29682000,0.4364,1,2022-11-06 15:25:30.645
29668000,0.1273,0,2022-11-06 15:25:31.749
29667000,0.0631,0,2022-11-06 15:25:31.749
29666000,0.1411,0,2022-11-06 15:25:31.749
29665000,0.0396,0,2022-11-06 15:25:31.749
29664000,0.1059,0,2022-11-06 15:25:31.749
29678000,0.0312,1,2022-11-06 15:25:31.749
29679000,0.0858,1,2022-11-06 15:25:31.749
29680000,0.7289,1,2022-11-06 15:25:31.749
29681000,0.0503,1,2022-11-06 15:25:31.749
29682000,0.4364,1,2022-11-06 15:25:31.749
29668000,0.1273,0,2022-11-06 15:25:32.608
29667000,0.0631,0,2022-11-06 15:25:32.608
29666000,0.1411,0,2022-11-06 15:25:32.608
29665000,0.0396,0,2022-11-06 15:25:32.608
29664000,0.1059,0,2022-11-06 15:25:32.608
29678000,0.0312,1,2022-11-06 15:25:32.608
29679000,0.0858,1,2022-11-06 15:25:32.608
29680000,0.7289,1,2022-11-06 15:25:32.608
29681000,0.0503,1,2022-11-06 15:25:32.608
29682000,0.4364,1,2022-11-06 15:25:32.608
29668000,0.1273,0,2022-11-06 15:25:33.647
29667000,0.0631,0,2022-11-06 15:25:33.647
29666000,0.1411,0,2022-11-06 15:25:33.647
29665000,0.0396,0,2022-11-06 15:25:33.647
29664000,0.1059,0,2022-11-06 15:25:33.647
29678000,0.0312,1,2022-11-06 15:25:33.647
29679000,0.0858,1,2022-11-06 15:25:33.647
29680000,0.7289,1,2022-11-06 15:25:33.647
29681000,0.0503,1,2022-11-06 15:25:33.647
29682000,0.4364,1,2022-11-06 15:25:33.647
29668000,0.1273,0,2022-11-06 15:25:34.745
29667000,0.0631,0,2022-11-06 15:25:34.745
29666000,0.1411,0,2022-11-06 15:25:34.745
29665000,0.0396,0,2022-11-06 15:25:34.745
29664000,0.1059,0,2022-11-06 15:25:34.745
29678000,0.0312,1,2022-11-06 15:25:34.745
29679000,0.0858,1,2022-11-06 15:25:34.745
29680000,0.0543,1,2022-11-06 15:25:34.745
29681000,0.0503,1,2022-11-06 15:25:34.745
29682000,0.4364,1,2022-11-06 15:25:34.745
29668000,0.1273,0,2022-11-06 15:25:35.827
29667000,0.0631,0,2022-11-06 15:25:35.827
29666000,0.1411,0,2022-11-06 15:25:35.827
29665000,0.0396,0,2022-11-06 15:25:35.827
29664000,0.0456,0,2022-11-06 15:25:35.827
29678000,0.0312,1,2022-11-06 15:25:35.827
29679000,0.0858,1,2022-11-06 15:25:35.827
29680000,0.7289,1,2022-11-06 15:25:35.827
29681000,0.0503,1,2022-11-06 15:25:35.827
29682000,0.4364,1,2022-11-06 15:25:35.827
29668000,0.1273,0,2022-11-06 15:25:36.667
29667000,0.0631,0,2022-11-06 15:25:36.667
29666000,0.1411,0,2022-11-06 15:25:36.667
29665000,0.0396,0,2022-11-06 15:25:36.667
29664000,0.0456,0,2022-11-06 15:25:36.667
29678000,0.0312,1,2022-11-06 15:25:36.667
29679000,0.0858,1,2022-11-06 15:25:36.667
29680000,0.7289,1,2022-11-06 15:25:36.667
29681000,0.0503,1,2022-11-06 15:25:36.667
29682000,0.4364,1,2022-11-06 15:25:36.667
29668000,0.1273,0,2022-11-06 15:25:37.772
29667000,0.0631,0,2022-11-06 15:25:37.772
29666000,0.1411,0,2022-11-06 15:25:37.772
29665000,0.0396,0,2022-11-06 15:25:37.772
29664000,0.0456,0,2022-11-06 15:25:37.772
29675000,0.001,1,2022-11-06 15:25:37.772
29678000,0.0312,1,2022-11-06 15:25:37.772
29679000,0.0858,1,2022-11-06 15:25:37.772
29680000,0.7289,1,2022-11-06 15:25:37.772
29681000,0.0503,1,2022-11-06 15:25:37.772
29668000,0.1273,0,2022-11-06 15:25:38.926
29667000,0.0631,0,2022-11-06 15:25:38.926
29666000,0.1411,0,2022-11-06 15:25:38.926
29665000,0.0396,0,2022-11-06 15:25:38.926
29664000,0.0456,0,2022-11-06 15:25:38.926
29675000,0.001,1,2022-11-06 15:25:38.926
29678000,0.0312,1,2022-11-06 15:25:38.926
29679000,0.0858,1,2022-11-06 15:25:38.926
29680000,0.7289,1,2022-11-06 15:25:38.926
29681000,0.0503,1,2022-11-06 15:25:38.926
29668000,0.1273,0,2022-11-06 15:25:39.776
29667000,0.0631,0,2022-11-06 15:25:39.776
29666000,0.1411,0,2022-11-06 15:25:39.776
29665000,0.0396,0,2022-11-06 15:25:39.776
29664000,0.0456,0,2022-11-06 15:25:39.776
29675000,0.001,1,2022-11-06 15:25:39.776
29678000,0.0312,1,2022-11-06 15:25:39.776
29679000,0.0858,1,2022-11-06 15:25:39.776
29680000,0.7289,1,2022-11-06 15:25:39.776
29681000,0.0503,1,2022-11-06 15:25:39.776
29668000,0.1273,0,2022-11-06 15:25:40.765
29667000,0.0631,0,2022-11-06 15:25:40.765
29666000,0.1411,0,2022-11-06 15:25:40.765
29665000,0.0396,0,2022-11-06 15:25:40.765
29664000,0.0456,0,2022-11-06 15:25:40.765
29675000,0.001,1,2022-11-06 15:25:40.765
29678000,0.0312,1,2022-11-06 15:25:40.765
29679000,0.0858,1,2022-11-06 15:25:40.765
29680000,0.7289,1,2022-11-06 15:25:40.765
29681000,0.0503,1,2022-11-06 15:25:40.765
29668000,0.0396,0,2022-11-06 15:25:42.613
29667000,0.0631,0,2022-11-06 15:25:42.613
29666000,0.0884,0,2022-11-06 15:25:42.613
29664000,0.0456,0,2022-11-06 15:25:42.613
29663000,0.5951,0,2022-11-06 15:25:42.613
29675000,0.001,1,2022-11-06 15:25:42.613
29677000,0.0888,1,2022-11-06 15:25:42.613
29678000,0.0312,1,2022-11-06 15:25:42.613
29679000,0.812,1,2022-11-06 15:25:42.613
29680000,0.0543,1,2022-11-06 15:25:42.613
29668000,0.0396,0,2022-11-06 15:25:43.669
29667000,0.0631,0,2022-11-06 15:25:43.669
29666000,0.0884,0,2022-11-06 15:25:43.669
29664000,0.0456,0,2022-11-06 15:25:43.669
29663000,0.5951,0,2022-11-06 15:25:43.669
29675000,0.001,1,2022-11-06 15:25:43.669
29677000,0.0888,1,2022-11-06 15:25:43.669
29678000,0.0312,1,2022-11-06 15:25:43.669
29679000,0.812,1,2022-11-06 15:25:43.669
29680000,0.7289,1,2022-11-06 15:25:43.669
29668000,0.0396,0,2022-11-06 15:25:43.669
29667000,0.0631,0,2022-11-06 15:25:43.669
29666000,0.0884,0,2022-11-06 15:25:43.669
29664000,0.0456,0,2022-11-06 15:25:43.669
29663000,0.5951,0,2022-11-06 15:25:43.669
29675000,0.001,1,2022-11-06 15:25:43.669
29677000,0.0888,1,2022-11-06 15:25:43.669
29678000,0.0312,1,2022-11-06 15:25:43.669
29679000,0.812,1,2022-11-06 15:25:43.669
29680000,0.7289,1,2022-11-06 15:25:43.669
29668000,0.0396,0,2022-11-06 15:25:44.756
29667000,0.0631,0,2022-11-06 15:25:44.756
29666000,0.0884,0,2022-11-06 15:25:44.756
29664000,0.0456,0,2022-11-06 15:25:44.756
29663000,0.5951,0,2022-11-06 15:25:44.756
29675000,0.001,1,2022-11-06 15:25:44.756
29677000,0.0888,1,2022-11-06 15:25:44.756
29678000,0.0312,1,2022-11-06 15:25:44.756
29679000,0.812,1,2022-11-06 15:25:44.756
29680000,0.7289,1,2022-11-06 15:25:44.756
29668000,0.0396,0,2022-11-06 15:25:46.742
29667000,0.0631,0,2022-11-06 15:25:46.742
29666000,0.0884,0,2022-11-06 15:25:46.742
29664000,0.0456,0,2022-11-06 15:25:46.742
29663000,0.5951,0,2022-11-06 15:25:46.742
29675000,0.001,1,2022-11-06 15:25:46.742
29677000,0.0888,1,2022-11-06 15:25:46.742
29678000,0.0312,1,2022-11-06 15:25:46.742
29679000,0.1374,1,2022-11-06 15:25:46.742
29680000,0.0543,1,2022-11-06 15:25:46.742
29668000,0.0396,0,2022-11-06 15:25:47.690
29667000,0.0631,0,2022-11-06 15:25:47.690
29666000,0.0884,0,2022-11-06 15:25:47.690
29664000,0.0456,0,2022-11-06 15:25:47.690
29663000,0.5951,0,2022-11-06 15:25:47.690
29675000,0.001,1,2022-11-06 15:25:47.690
29677000,0.0888,1,2022-11-06 15:25:47.690
29678000,0.0312,1,2022-11-06 15:25:47.690
29679000,0.1374,1,2022-11-06 15:25:47.690
29680000,0.7289,1,2022-11-06 15:25:47.690
29668000,0.0254,0,2022-11-06 15:25:48.732
29667000,0.0631,0,2022-11-06 15:25:48.732
29666000,0.0884,0,2022-11-06 15:25:48.732
29664000,0.0969,0,2022-11-06 15:25:48.732
29663000,0.5951,0,2022-11-06 15:25:48.732
29675000,0.001,1,2022-11-06 15:25:48.732
29677000,0.0888,1,2022-11-06 15:25:48.732
29678000,0.0312,1,2022-11-06 15:25:48.732
29679000,0.1374,1,2022-11-06 15:25:48.732
29680000,0.7289,1,2022-11-06 15:25:48.732
29667000,0.0631,0,2022-11-06 15:25:49.736
29666000,0.0884,0,2022-11-06 15:25:49.736
29664000,0.0969,0,2022-11-06 15:25:49.736
29663000,0.5951,0,2022-11-06 15:25:49.736
29661000,0.0476,0,2022-11-06 15:25:49.736
29675000,0.001,1,2022-11-06 15:25:49.736
29677000,0.0888,1,2022-11-06 15:25:49.736
29678000,0.0312,1,2022-11-06 15:25:49.736
29679000,0.1374,1,2022-11-06 15:25:49.736
29680000,0.0543,1,2022-11-06 15:25:49.736
29667000,0.0631,0,2022-11-06 15:25:50.759
29666000,0.1031,0,2022-11-06 15:25:50.759
29665000,0.0257,0,2022-11-06 15:25:50.759
29664000,0.0969,0,2022-11-06 15:25:50.759
29663000,0.5951,0,2022-11-06 15:25:50.759
29675000,0.001,1,2022-11-06 15:25:50.759
29677000,0.0888,1,2022-11-06 15:25:50.759
29678000,0.0312,1,2022-11-06 15:25:50.759
29679000,0.1374,1,2022-11-06 15:25:50.759
29680000,0.0543,1,2022-11-06 15:25:50.759
29667000,0.0631,0,2022-11-06 15:25:51.763
29666000,0.1031,0,2022-11-06 15:25:51.763
29665000,0.0257,0,2022-11-06 15:25:51.763
29664000,0.0969,0,2022-11-06 15:25:51.763
29663000,0.5951,0,2022-11-06 15:25:51.763
29675000,0.001,1,2022-11-06 15:25:51.763
29677000,0.0888,1,2022-11-06 15:25:51.763
29678000,0.7058,1,2022-11-06 15:25:51.763
29679000,0.1374,1,2022-11-06 15:25:51.763
29680000,0.0543,1,2022-11-06 15:25:51.763
29667000,0.0631,0,2022-11-06 15:25:52.692
29666000,0.1031,0,2022-11-06 15:25:52.692
29665000,0.0257,0,2022-11-06 15:25:52.692
29664000,0.0969,0,2022-11-06 15:25:52.692
29663000,0.5951,0,2022-11-06 15:25:52.692
29675000,0.001,1,2022-11-06 15:25:52.692
29677000,0.0888,1,2022-11-06 15:25:52.692
29678000,0.7058,1,2022-11-06 15:25:52.692
29679000,0.1374,1,2022-11-06 15:25:52.692
29680000,0.0543,1,2022-11-06 15:25:52.692
29667000,0.0631,0,2022-11-06 15:25:53.703
29666000,0.1031,0,2022-11-06 15:25:53.703
29665000,0.0257,0,2022-11-06 15:25:53.703
29664000,0.0969,0,2022-11-06 15:25:53.703
29663000,0.5951,0,2022-11-06 15:25:53.703
29675000,0.001,1,2022-11-06 15:25:53.703
29677000,0.0888,1,2022-11-06 15:25:53.703
29678000,0.7058,1,2022-11-06 15:25:53.703
29679000,0.1374,1,2022-11-06 15:25:53.703
29680000,0.0543,1,2022-11-06 15:25:53.703
29667000,0.0631,0,2022-11-06 15:25:54.742
29666000,0.1031,0,2022-11-06 15:25:54.742
29665000,0.0257,0,2022-11-06 15:25:54.742
29664000,0.0969,0,2022-11-06 15:25:54.742
29663000,0.5951,0,2022-11-06 15:25:54.742
29675000,0.001,1,2022-11-06 15:25:54.742
29677000,0.0888,1,2022-11-06 15:25:54.742
29678000,0.7058,1,2022-11-06 15:25:54.742
29679000,0.1374,1,2022-11-06 15:25:54.742
29680000,0.0543,1,2022-11-06 15:25:54.742
29667000,0.0631,0,2022-11-06 15:25:55.669
29666000,0.1031,0,2022-11-06 15:25:55.669
29665000,0.0257,0,2022-11-06 15:25:55.669
29664000,0.0969,0,2022-11-06 15:25:55.669
29663000,0.5951,0,2022-11-06 15:25:55.669
29675000,0.001,1,2022-11-06 15:25:55.669
29677000,0.0888,1,2022-11-06 15:25:55.669
29678000,0.0312,1,2022-11-06 15:25:55.669
29679000,0.1374,1,2022-11-06 15:25:55.669
29680000,0.7289,1,2022-11-06 15:25:55.669
29667000,0.0631,0,2022-11-06 15:25:56.875
29666000,0.1031,0,2022-11-06 15:25:56.875
29665000,0.0257,0,2022-11-06 15:25:56.875
29664000,0.0969,0,2022-11-06 15:25:56.875
29663000,0.5951,0,2022-11-06 15:25:56.875
29675000,0.001,1,2022-11-06 15:25:56.875
29677000,0.0888,1,2022-11-06 15:25:56.875
29678000,0.0312,1,2022-11-06 15:25:56.875
29679000,0.1374,1,2022-11-06 15:25:56.875
29680000,0.7289,1,2022-11-06 15:25:56.875
29667000,0.0631,0,2022-11-06 15:25:57.784
29666000,0.1031,0,2022-11-06 15:25:57.784
29665000,0.0257,0,2022-11-06 15:25:57.784
29664000,0.0969,0,2022-11-06 15:25:57.784
29663000,0.5951,0,2022-11-06 15:25:57.784
29675000,0.001,1,2022-11-06 15:25:57.784
29677000,0.0888,1,2022-11-06 15:25:57.784
29678000,0.0312,1,2022-11-06 15:25:57.784
29679000,0.1374,1,2022-11-06 15:25:57.784
29680000,0.7289,1,2022-11-06 15:25:57.784
29668000,0.0891,0,2022-11-06 15:25:58.773
29667000,0.0631,0,2022-11-06 15:25:58.773
29666000,0.1031,0,2022-11-06 15:25:58.773
29665000,0.0257,0,2022-11-06 15:25:58.773
29664000,0.0969,0,2022-11-06 15:25:58.773
29675000,0.001,1,2022-11-06 15:25:58.773
29678000,0.0312,1,2022-11-06 15:25:58.773
29679000,0.1374,1,2022-11-06 15:25:58.773
29680000,0.7289,1,2022-11-06 15:25:58.773
29682000,0.4364,1,2022-11-06 15:25:58.773
29668000,0.1033,0,2022-11-06 15:25:59.746
29667000,0.0631,0,2022-11-06 15:25:59.746
29666000,0.1552,0,2022-11-06 15:25:59.746
29664000,0.0456,0,2022-11-06 15:25:59.746
29663000,0.5951,0,2022-11-06 15:25:59.746
29675000,0.001,1,2022-11-06 15:25:59.746
29678000,0.0312,1,2022-11-06 15:25:59.746
29679000,0.0858,1,2022-11-06 15:25:59.746
29680000,0.0543,1,2022-11-06 15:25:59.746
29681000,0.0524,1,2022-11-06 15:25:59.746
29668000,0.1033,0,2022-11-06 15:26:00.708
29667000,0.0631,0,2022-11-06 15:26:00.708
29666000,0.1552,0,2022-11-06 15:26:00.708
29664000,0.0456,0,2022-11-06 15:26:00.708
29663000,0.5951,0,2022-11-06 15:26:00.708
29675000,0.001,1,2022-11-06 15:26:00.708
29678000,0.0312,1,2022-11-06 15:26:00.708
29679000,0.0858,1,2022-11-06 15:26:00.708
29680000,0.0543,1,2022-11-06 15:26:00.708
29681000,0.0524,1,2022-11-06 15:26:00.708
29668000,0.1033,0,2022-11-06 15:26:01.736
29667000,0.0631,0,2022-11-06 15:26:01.736
29666000,0.1552,0,2022-11-06 15:26:01.736
29664000,0.0456,0,2022-11-06 15:26:01.736
29663000,0.5951,0,2022-11-06 15:26:01.736
29675000,0.001,1,2022-11-06 15:26:01.736
29678000,0.0312,1,2022-11-06 15:26:01.736
29679000,0.0858,1,2022-11-06 15:26:01.736
29680000,0.7289,1,2022-11-06 15:26:01.736
29681000,0.0524,1,2022-11-06 15:26:01.736
29668000,0.1033,0,2022-11-06 15:26:02.772
29667000,0.0631,0,2022-11-06 15:26:02.772
29666000,0.1552,0,2022-11-06 15:26:02.772
29664000,0.0456,0,2022-11-06 15:26:02.772
29663000,0.5951,0,2022-11-06 15:26:02.772
29675000,0.001,1,2022-11-06 15:26:02.772
29678000,0.0312,1,2022-11-06 15:26:02.772
29679000,0.0858,1,2022-11-06 15:26:02.772
29680000,0.7289,1,2022-11-06 15:26:02.772
29681000,0.0524,1,2022-11-06 15:26:02.772
29668000,0.085,0,2022-11-06 15:26:03.723
29667000,0.0631,0,2022-11-06 15:26:03.723
29666000,0.1031,0,2022-11-06 15:26:03.723
29664000,0.0456,0,2022-11-06 15:26:03.723
29663000,0.5951,0,2022-11-06 15:26:03.723
29675000,0.001,1,2022-11-06 15:26:03.723
29677000,0.0898,1,2022-11-06 15:26:03.723
29678000,0.0312,1,2022-11-06 15:26:03.723
29679000,0.1354,1,2022-11-06 15:26:03.723
29680000,0.7289,1,2022-11-06 15:26:03.723
29668000,0.085,0,2022-11-06 15:26:05.010
29667000,0.0631,0,2022-11-06 15:26:05.010
29666000,0.1031,0,2022-11-06 15:26:05.010
29664000,0.0456,0,2022-11-06 15:26:05.010
29663000,0.5951,0,2022-11-06 15:26:05.010
29675000,0.001,1,2022-11-06 15:26:05.010
29677000,0.0898,1,2022-11-06 15:26:05.010
29678000,0.0312,1,2022-11-06 15:26:05.010
29679000,0.1354,1,2022-11-06 15:26:05.010
29680000,0.7289,1,2022-11-06 15:26:05.010
29668000,0.085,0,2022-11-06 15:26:05.856
29667000,0.0631,0,2022-11-06 15:26:05.856
29666000,0.1031,0,2022-11-06 15:26:05.856
29664000,0.0456,0,2022-11-06 15:26:05.856
29663000,0.5951,0,2022-11-06 15:26:05.856
29675000,0.001,1,2022-11-06 15:26:05.856
29677000,0.0898,1,2022-11-06 15:26:05.856
29678000,0.0312,1,2022-11-06 15:26:05.856
29679000,0.1354,1,2022-11-06 15:26:05.856
29680000,0.7289,1,2022-11-06 15:26:05.856
29668000,0.0394,0,2022-11-06 15:26:06.818
29667000,0.0631,0,2022-11-06 15:26:06.818
29666000,0.1031,0,2022-11-06 15:26:06.818
29665000,0.0512,0,2022-11-06 15:26:06.818
29664000,0.0456,0,2022-11-06 15:26:06.818
29675000,0.001,1,2022-11-06 15:26:06.818
29677000,0.0898,1,2022-11-06 15:26:06.818
29678000,0.0312,1,2022-11-06 15:26:06.818
29679000,0.1354,1,2022-11-06 15:26:06.818
29680000,0.7289,1,2022-11-06 15:26:06.818
29667000,0.0631,0,2022-11-06 15:26:08.670
29666000,0.1031,0,2022-11-06 15:26:08.670
29665000,0.0753,0,2022-11-06 15:26:08.670
29664000,0.0456,0,2022-11-06 15:26:08.670
29663000,0.5951,0,2022-11-06 15:26:08.670
29675000,0.001,1,2022-11-06 15:26:08.670
29676000,0.6746,1,2022-11-06 15:26:08.670
29677000,0.0898,1,2022-11-06 15:26:08.670
29678000,0.0312,1,2022-11-06 15:26:08.670
29679000,0.1354,1,2022-11-06 15:26:08.670
29667000,0.0631,0,2022-11-06 15:26:08.670
29666000,0.1031,0,2022-11-06 15:26:08.670
29665000,0.0753,0,2022-11-06 15:26:08.670
29664000,0.0456,0,2022-11-06 15:26:08.670
29663000,0.5951,0,2022-11-06 15:26:08.670
29675000,0.001,1,2022-11-06 15:26:08.670
29676000,0.6746,1,2022-11-06 15:26:08.670
29677000,0.0898,1,2022-11-06 15:26:08.670
29678000,0.0312,1,2022-11-06 15:26:08.670
29679000,0.1354,1,2022-11-06 15:26:08.670
29667000,0.0631,0,2022-11-06 15:26:10.594
29666000,0.1031,0,2022-11-06 15:26:10.594
29665000,0.0753,0,2022-11-06 15:26:10.594
29664000,0.0456,0,2022-11-06 15:26:10.594
29663000,0.5951,0,2022-11-06 15:26:10.594
29675000,0.001,1,2022-11-06 15:26:10.594
29676000,0.6746,1,2022-11-06 15:26:10.594
29677000,0.0898,1,2022-11-06 15:26:10.594
29678000,0.0312,1,2022-11-06 15:26:10.594
29679000,0.1354,1,2022-11-06 15:26:10.594
29667000,0.0631,0,2022-11-06 15:26:11.725
29666000,0.1031,0,2022-11-06 15:26:11.725
29665000,0.0753,0,2022-11-06 15:26:11.725
29664000,0.0456,0,2022-11-06 15:26:11.725
29663000,0.5951,0,2022-11-06 15:26:11.725
29675000,0.001,1,2022-11-06 15:26:11.725
29676000,0.6746,1,2022-11-06 15:26:11.725
29677000,0.0898,1,2022-11-06 15:26:11.725
29678000,0.0312,1,2022-11-06 15:26:11.725
29679000,0.1354,1,2022-11-06 15:26:11.725
29667000,0.0631,0,2022-11-06 15:26:12.696
29666000,0.1031,0,2022-11-06 15:26:12.696
29665000,0.0753,0,2022-11-06 15:26:12.696
29664000,0.0456,0,2022-11-06 15:26:12.696
29663000,0.5951,0,2022-11-06 15:26:12.696
29675000,0.001,1,2022-11-06 15:26:12.696
29676000,0.6746,1,2022-11-06 15:26:12.696
29677000,0.0898,1,2022-11-06 15:26:12.696
29678000,0.0312,1,2022-11-06 15:26:12.696
29679000,0.1354,1,2022-11-06 15:26:12.696
29666000,0.1031,0,2022-11-06 15:26:13.736
29665000,0.0753,0,2022-11-06 15:26:13.736
29664000,0.0456,0,2022-11-06 15:26:13.736
29663000,0.5951,0,2022-11-06 15:26:13.736
29661000,0.0476,0,2022-11-06 15:26:13.736
29675000,0.001,1,2022-11-06 15:26:13.736
29676000,0.6746,1,2022-11-06 15:26:13.736
29677000,0.0898,1,2022-11-06 15:26:13.736
29678000,0.0312,1,2022-11-06 15:26:13.736
29679000,0.1354,1,2022-11-06 15:26:13.736
29667000,0.062,0,2022-11-06 15:26:14.734
29666000,0.1031,0,2022-11-06 15:26:14.734
29665000,0.0241,0,2022-11-06 15:26:14.734
29664000,0.0456,0,2022-11-06 15:26:14.734
29663000,0.5951,0,2022-11-06 15:26:14.734
29675000,0.001,1,2022-11-06 15:26:14.734
29676000,0.6746,1,2022-11-06 15:26:14.734
29677000,0.1529,1,2022-11-06 15:26:14.734
29678000,0.0312,1,2022-11-06 15:26:14.734
29679000,0.1354,1,2022-11-06 15:26:14.734
29667000,0.0185,0,2022-11-06 15:26:15.882
29666000,0.1031,0,2022-11-06 15:26:15.882
29665000,0.0241,0,2022-11-06 15:26:15.882
29664000,0.0973,0,2022-11-06 15:26:15.882
29663000,0.5951,0,2022-11-06 15:26:15.882
29675000,0.00066302,1,2022-11-06 15:26:15.882
29676000,0.6746,1,2022-11-06 15:26:15.882
29677000,0.1529,1,2022-11-06 15:26:15.882
29678000,0.0312,1,2022-11-06 15:26:15.882
29679000,0.1354,1,2022-11-06 15:26:15.882
29667000,0.0637,0,2022-11-06 15:26:16.965
29666000,0.1031,0,2022-11-06 15:26:16.965
29665000,0.0241,0,2022-11-06 15:26:16.965
29664000,0.0973,0,2022-11-06 15:26:16.965
29663000,0.5951,0,2022-11-06 15:26:16.965
29675000,0.00066302,1,2022-11-06 15:26:16.965
29676000,0.6746,1,2022-11-06 15:26:16.965
29677000,0.1529,1,2022-11-06 15:26:16.965
29678000,0.0312,1,2022-11-06 15:26:16.965
29679000,0.1354,1,2022-11-06 15:26:16.965
29675000,0.00263698,0,2022-11-06 15:26:17.748
29667000,0.0637,0,2022-11-06 15:26:17.748
29666000,0.1031,0,2022-11-06 15:26:17.748
29665000,0.0241,0,2022-11-06 15:26:17.748
29664000,0.0973,0,2022-11-06 15:26:17.748
29676000,0.6746,1,2022-11-06 15:26:17.748
29677000,0.1529,1,2022-11-06 15:26:17.748
29678000,0.0312,1,2022-11-06 15:26:17.748
29679000,0.1354,1,2022-11-06 15:26:17.748
29680000,0.0543,1,2022-11-06 15:26:17.748
29675000,0.00263698,0,2022-11-06 15:26:18.748
29669000,0.0619,0,2022-11-06 15:26:18.748
29668000,0.026,0,2022-11-06 15:26:18.748
29667000,0.0637,0,2022-11-06 15:26:18.748
29666000,0.156,0,2022-11-06 15:26:18.748
29676000,0.6746,1,2022-11-06 15:26:18.748
29677000,0.1529,1,2022-11-06 15:26:18.748
29678000,0.0312,1,2022-11-06 15:26:18.748
29679000,0.0858,1,2022-11-06 15:26:18.748
29680000,0.0543,1,2022-11-06 15:26:18.748
29675000,0.0003,0,2022-11-06 15:26:19.662
29669000,0.05463698,0,2022-11-06 15:26:19.662
29668000,0.026,0,2022-11-06 15:26:19.662
29666000,0.156,0,2022-11-06 15:26:19.662
29664000,0.0456,0,2022-11-06 15:26:19.662
29676000,0.6746,1,2022-11-06 15:26:19.662
29677000,0.1529,1,2022-11-06 15:26:19.662
29678000,0.0312,1,2022-11-06 15:26:19.662
29679000,0.0858,1,2022-11-06 15:26:19.662
29680000,0.0543,1,2022-11-06 15:26:19.662
29669000,0.05463698,0,2022-11-06 15:26:20.677
29666000,0.156,0,2022-11-06 15:26:20.677
29664000,0.0456,0,2022-11-06 15:26:20.677
29663000,0.5951,0,2022-11-06 15:26:20.677
29661000,0.0476,0,2022-11-06 15:26:20.677
29675000,0.1112,1,2022-11-06 15:26:20.677
29676000,0.6746,1,2022-11-06 15:26:20.677
29677000,0.1529,1,2022-11-06 15:26:20.677
29678000,0.0312,1,2022-11-06 15:26:20.677
29679000,0.0858,1,2022-11-06 15:26:20.677
29666000,0.1031,0,2022-11-06 15:26:21.703
29665000,0.0241,0,2022-11-06 15:26:21.703
29664000,0.0456,0,2022-11-06 15:26:21.703
29663000,0.5951,0,2022-11-06 15:26:21.703
29661000,0.0476,0,2022-11-06 15:26:21.703
29676000,0.6746,1,2022-11-06 15:26:21.703
29677000,0.1529,1,2022-11-06 15:26:21.703
29678000,0.0312,1,2022-11-06 15:26:21.703
29679000,0.0858,1,2022-11-06 15:26:21.703
29680000,0.0543,1,2022-11-06 15:26:21.703
29666000,0.1031,0,2022-11-06 15:26:22.780
29665000,0.0241,0,2022-11-06 15:26:22.780
29664000,0.0456,0,2022-11-06 15:26:22.780
29663000,0.5951,0,2022-11-06 15:26:22.780
29661000,0.0476,0,2022-11-06 15:26:22.780
29676000,0.6746,1,2022-11-06 15:26:22.780
29677000,0.1529,1,2022-11-06 15:26:22.780
29678000,0.0312,1,2022-11-06 15:26:22.780
29679000,0.0858,1,2022-11-06 15:26:22.780
29680000,0.0543,1,2022-11-06 15:26:22.780
29667000,0.0491,0,2022-11-06 15:26:23.919
29666000,0.1031,0,2022-11-06 15:26:23.919
29665000,0.0241,0,2022-11-06 15:26:23.919
29664000,0.096,0,2022-11-06 15:26:23.919
29663000,0.5951,0,2022-11-06 15:26:23.919
29676000,0.6746,1,2022-11-06 15:26:23.919
29677000,0.1529,1,2022-11-06 15:26:23.919
29678000,0.0312,1,2022-11-06 15:26:23.919
29679000,0.1367,1,2022-11-06 15:26:23.919
29680000,0.0543,1,2022-11-06 15:26:23.919
29667000,0.0491,0,2022-11-06 15:26:24.770
29666000,0.1031,0,2022-11-06 15:26:24.770
29665000,0.0241,0,2022-11-06 15:26:24.770
29664000,0.096,0,2022-11-06 15:26:24.770
29663000,0.5951,0,2022-11-06 15:26:24.770
29676000,0.6746,1,2022-11-06 15:26:24.770
29677000,0.1529,1,2022-11-06 15:26:24.770
29678000,0.0312,1,2022-11-06 15:26:24.770
29679000,0.1367,1,2022-11-06 15:26:24.770
29680000,0.0543,1,2022-11-06 15:26:24.770
29667000,0.0353,0,2022-11-06 15:26:25.665
29666000,0.1031,0,2022-11-06 15:26:25.665
29665000,0.0241,0,2022-11-06 15:26:25.665
29664000,0.096,0,2022-11-06 15:26:25.665
29663000,0.5951,0,2022-11-06 15:26:25.665
29676000,0.6746,1,2022-11-06 15:26:25.665
29677000,0.1529,1,2022-11-06 15:26:25.665
29678000,0.0312,1,2022-11-06 15:26:25.665
29679000,0.1367,1,2022-11-06 15:26:25.665
29680000,0.0543,1,2022-11-06 15:26:25.665
29667000,0.0353,0,2022-11-06 15:26:26.834
29666000,0.1031,0,2022-11-06 15:26:26.834
29665000,0.0241,0,2022-11-06 15:26:26.834
29664000,0.096,0,2022-11-06 15:26:26.834
29663000,0.5951,0,2022-11-06 15:26:26.834
29676000,0.6746,1,2022-11-06 15:26:26.834
29677000,0.1529,1,2022-11-06 15:26:26.834
29678000,0.0312,1,2022-11-06 15:26:26.834
29679000,0.1367,1,2022-11-06 15:26:26.834
29680000,0.0543,1,2022-11-06 15:26:26.834
29667000,0.0209,0,2022-11-06 15:26:27.795
29666000,0.1311,0,2022-11-06 15:26:27.795
29665000,0.0241,0,2022-11-06 15:26:27.795
29664000,0.096,0,2022-11-06 15:26:27.795
29663000,0.5951,0,2022-11-06 15:26:27.795
29676000,0.6746,1,2022-11-06 15:26:27.795
29677000,0.1529,1,2022-11-06 15:26:27.795
29678000,0.0312,1,2022-11-06 15:26:27.795
29679000,0.1367,1,2022-11-06 15:26:27.795
29680000,0.0543,1,2022-11-06 15:26:27.795
29667000,0.1119,0,2022-11-06 15:26:28.664
29666000,0.1311,0,2022-11-06 15:26:28.664
29665000,0.0241,0,2022-11-06 15:26:28.664
29664000,0.096,0,2022-11-06 15:26:28.664
29663000,0.5951,0,2022-11-06 15:26:28.664
29677000,0.1529,1,2022-11-06 15:26:28.664
29678000,0.0312,1,2022-11-06 15:26:28.664
29679000,0.1367,1,2022-11-06 15:26:28.664
29680000,0.0543,1,2022-11-06 15:26:28.664
29681000,0.0383,1,2022-11-06 15:26:28.664
29667000,0.1119,0,2022-11-06 15:26:29.731
29666000,0.1311,0,2022-11-06 15:26:29.731
29665000,0.0241,0,2022-11-06 15:26:29.731
29664000,0.096,0,2022-11-06 15:26:29.731
29663000,0.5951,0,2022-11-06 15:26:29.731
29677000,0.1529,1,2022-11-06 15:26:29.731
29678000,0.0312,1,2022-11-06 15:26:29.731
29679000,0.1367,1,2022-11-06 15:26:29.731
29680000,0.0543,1,2022-11-06 15:26:29.731
29681000,0.0383,1,2022-11-06 15:26:29.731
29667000,0.1088,0,2022-11-06 15:26:30.860
29666000,0.1311,0,2022-11-06 15:26:30.860
29665000,0.0241,0,2022-11-06 15:26:30.860
29664000,0.096,0,2022-11-06 15:26:30.860
29663000,0.5951,0,2022-11-06 15:26:30.860
29677000,0.1529,1,2022-11-06 15:26:30.860
29678000,0.7058,1,2022-11-06 15:26:30.860
29679000,0.0858,1,2022-11-06 15:26:30.860
29680000,0.1053,1,2022-11-06 15:26:30.860
29681000,0.0383,1,2022-11-06 15:26:30.860
29667000,0.0886,0,2022-11-06 15:26:31.761
29666000,0.1311,0,2022-11-06 15:26:31.761
29665000,0.0241,0,2022-11-06 15:26:31.761
29664000,0.096,0,2022-11-06 15:26:31.761
29663000,0.5951,0,2022-11-06 15:26:31.761
29675000,0.0636,1,2022-11-06 15:26:31.761
29677000,0.1529,1,2022-11-06 15:26:31.761
29678000,0.7058,1,2022-11-06 15:26:31.761
29679000,0.0858,1,2022-11-06 15:26:31.761
29680000,0.1053,1,2022-11-06 15:26:31.761
29667000,0.0466,0,2022-11-06 15:26:33.690
29666000,0.1164,0,2022-11-06 15:26:33.690
29665000,0.0241,0,2022-11-06 15:26:33.690
29664000,0.1116,0,2022-11-06 15:26:33.690
29663000,0.5951,0,2022-11-06 15:26:33.690
29675000,0.0636,1,2022-11-06 15:26:33.690
29677000,0.0898,1,2022-11-06 15:26:33.690
29678000,0.7058,1,2022-11-06 15:26:33.690
29679000,0.1387,1,2022-11-06 15:26:33.690
29680000,0.0543,1,2022-11-06 15:26:33.690
29667000,0.0466,0,2022-11-06 15:26:34.720
29666000,0.1164,0,2022-11-06 15:26:34.720
29665000,0.0241,0,2022-11-06 15:26:34.720
29664000,0.1116,0,2022-11-06 15:26:34.720
29663000,0.5951,0,2022-11-06 15:26:34.720
29675000,0.0636,1,2022-11-06 15:26:34.720
29677000,0.0898,1,2022-11-06 15:26:34.720
29678000,0.0312,1,2022-11-06 15:26:34.720
29679000,0.1387,1,2022-11-06 15:26:34.720
29680000,0.0543,1,2022-11-06 15:26:34.720
29667000,0.0466,0,2022-11-06 15:26:34.720
29666000,0.1164,0,2022-11-06 15:26:34.720
29665000,0.0241,0,2022-11-06 15:26:34.720
29664000,0.1116,0,2022-11-06 15:26:34.720
29663000,0.5951,0,2022-11-06 15:26:34.720
29675000,0.0636,1,2022-11-06 15:26:34.720
29677000,0.0898,1,2022-11-06 15:26:34.720
29678000,0.0312,1,2022-11-06 15:26:34.720
29679000,0.1387,1,2022-11-06 15:26:34.720
29680000,0.0543,1,2022-11-06 15:26:34.720
29667000,0.0366,0,2022-11-06 15:26:36.724
29666000,0.1164,0,2022-11-06 15:26:36.724
29665000,0.0241,0,2022-11-06 15:26:36.724
29664000,0.1116,0,2022-11-06 15:26:36.724
29663000,0.5951,0,2022-11-06 15:26:36.724
29675000,0.0532,1,2022-11-06 15:26:36.724
29677000,0.0898,1,2022-11-06 15:26:36.724
29678000,0.7058,1,2022-11-06 15:26:36.724
29679000,0.1387,1,2022-11-06 15:26:36.724
29680000,0.0543,1,2022-11-06 15:26:36.724
29667000,0.0366,0,2022-11-06 15:26:36.724
29666000,0.1164,0,2022-11-06 15:26:36.724
29665000,0.0241,0,2022-11-06 15:26:36.724
29664000,0.1116,0,2022-11-06 15:26:36.724
29663000,0.5951,0,2022-11-06 15:26:36.724
29675000,0.0532,1,2022-11-06 15:26:36.724
29677000,0.0898,1,2022-11-06 15:26:36.724
29678000,0.7058,1,2022-11-06 15:26:36.724
29679000,0.1387,1,2022-11-06 15:26:36.724
29680000,0.0543,1,2022-11-06 15:26:36.724
29667000,0.0086,0,2022-11-06 15:26:38.694
29666000,0.1164,0,2022-11-06 15:26:38.694
29665000,0.0241,0,2022-11-06 15:26:38.694
29664000,0.1116,0,2022-11-06 15:26:38.694
29663000,0.5951,0,2022-11-06 15:26:38.694
29675000,0.0532,1,2022-11-06 15:26:38.694
29677000,0.0898,1,2022-11-06 15:26:38.694
29678000,0.0312,1,2022-11-06 15:26:38.694
29679000,0.1387,1,2022-11-06 15:26:38.694
29680000,0.0543,1,2022-11-06 15:26:38.694
29666000,0.142,0,2022-11-06 15:26:39.651
29665000,0.0241,0,2022-11-06 15:26:39.651
29664000,0.1116,0,2022-11-06 15:26:39.651
29663000,0.5951,0,2022-11-06 15:26:39.651
29661000,0.0476,0,2022-11-06 15:26:39.651
29675000,0.0383,1,2022-11-06 15:26:39.651
29677000,0.0898,1,2022-11-06 15:26:39.651
29678000,0.0312,1,2022-11-06 15:26:39.651
29679000,0.1387,1,2022-11-06 15:26:39.651
29680000,0.0543,1,2022-11-06 15:26:39.651
29666000,0.142,0,2022-11-06 15:26:40.667
29665000,0.0241,0,2022-11-06 15:26:40.667
29664000,0.1116,0,2022-11-06 15:26:40.667
29663000,0.5951,0,2022-11-06 15:26:40.667
29661000,0.0476,0,2022-11-06 15:26:40.667
29675000,0.0383,1,2022-11-06 15:26:40.667
29677000,0.0898,1,2022-11-06 15:26:40.667
29678000,0.0312,1,2022-11-06 15:26:40.667
29679000,0.1387,1,2022-11-06 15:26:40.667
29680000,0.0543,1,2022-11-06 15:26:40.667
29666000,0.1194,0,2022-11-06 15:26:41.694
29665000,0.0241,0,2022-11-06 15:26:41.694
29664000,0.1116,0,2022-11-06 15:26:41.694
29663000,0.5951,0,2022-11-06 15:26:41.694
29661000,0.0476,0,2022-11-06 15:26:41.694
29674000,0.0268,1,2022-11-06 15:26:41.694
29675000,0.0383,1,2022-11-06 15:26:41.694
29676000,0.6746,1,2022-11-06 15:26:41.694
29677000,0.0898,1,2022-11-06 15:26:41.694
29678000,0.0312,1,2022-11-06 15:26:41.694
29666000,0.1194,0,2022-11-06 15:26:42.736
29665000,0.0241,0,2022-11-06 15:26:42.736
29664000,0.1116,0,2022-11-06 15:26:42.736
29663000,0.5951,0,2022-11-06 15:26:42.736
29661000,0.0476,0,2022-11-06 15:26:42.736
29674000,0.0268,1,2022-11-06 15:26:42.736
29675000,0.0383,1,2022-11-06 15:26:42.736
29676000,0.6746,1,2022-11-06 15:26:42.736
29677000,0.0898,1,2022-11-06 15:26:42.736
29678000,0.0312,1,2022-11-06 15:26:42.736
29666000,0.0648,0,2022-11-06 15:26:43.653
29665000,0.0241,0,2022-11-06 15:26:43.653
29664000,0.0612,0,2022-11-06 15:26:43.653
29663000,0.6472,0,2022-11-06 15:26:43.653
29661000,0.0476,0,2022-11-06 15:26:43.653
29674000,0.0268,1,2022-11-06 15:26:43.653
29675000,0.1271,1,2022-11-06 15:26:43.653
29676000,0.6746,1,2022-11-06 15:26:43.653
29677000,0.0898,1,2022-11-06 15:26:43.653
29678000,0.0312,1,2022-11-06 15:26:43.653
29666000,0.0648,0,2022-11-06 15:26:44.867
29665000,0.0241,0,2022-11-06 15:26:44.867
29664000,0.0612,0,2022-11-06 15:26:44.867
29663000,0.6472,0,2022-11-06 15:26:44.867
29661000,0.0476,0,2022-11-06 15:26:44.867
29674000,0.0268,1,2022-11-06 15:26:44.867
29675000,0.1271,1,2022-11-06 15:26:44.867
29676000,0.6746,1,2022-11-06 15:26:44.867
29677000,0.0898,1,2022-11-06 15:26:44.867
29678000,0.0312,1,2022-11-06 15:26:44.867
29665000,0.0241,0,2022-11-06 15:26:45.678
29664000,0.0612,0,2022-11-06 15:26:45.678
29663000,0.6472,0,2022-11-06 15:26:45.678
29661000,0.0476,0,2022-11-06 15:26:45.678
29660000,0.001,0,2022-11-06 15:26:45.678
29674000,0.0268,1,2022-11-06 15:26:45.678
29675000,0.1271,1,2022-11-06 15:26:45.678
29676000,0.6746,1,2022-11-06 15:26:45.678
29677000,0.0898,1,2022-11-06 15:26:45.678
29678000,0.0312,1,2022-11-06 15:26:45.678
29666000,0.0628,0,2022-11-06 15:26:46.827
29665000,0.0241,0,2022-11-06 15:26:46.827
29664000,0.0612,0,2022-11-06 15:26:46.827
29663000,0.6472,0,2022-11-06 15:26:46.827
29661000,0.0476,0,2022-11-06 15:26:46.827
29674000,0.0268,1,2022-11-06 15:26:46.827
29675000,0.1271,1,2022-11-06 15:26:46.827
29676000,0.6746,1,2022-11-06 15:26:46.827
29677000,0.0898,1,2022-11-06 15:26:46.827
29678000,0.0829,1,2022-11-06 15:26:46.827
29665000,0.0241,0,2022-11-06 15:26:47.744
29664000,0.0612,0,2022-11-06 15:26:47.744
29663000,0.6472,0,2022-11-06 15:26:47.744
29661000,0.0476,0,2022-11-06 15:26:47.744
29660000,0.001,0,2022-11-06 15:26:47.744
29674000,0.0268,1,2022-11-06 15:26:47.744
29675000,0.1271,1,2022-11-06 15:26:47.744
29676000,0.6746,1,2022-11-06 15:26:47.744
29677000,0.0898,1,2022-11-06 15:26:47.744
29678000,0.0312,1,2022-11-06 15:26:47.744
29666000,0.057,0,2022-11-06 15:26:48.746
29665000,0.0241,0,2022-11-06 15:26:48.746
29664000,0.0612,0,2022-11-06 15:26:48.746
29663000,0.6472,0,2022-11-06 15:26:48.746
29661000,0.0476,0,2022-11-06 15:26:48.746
29674000,0.0268,1,2022-11-06 15:26:48.746
29675000,0.1271,1,2022-11-06 15:26:48.746
29676000,0.6746,1,2022-11-06 15:26:48.746
29677000,0.0898,1,2022-11-06 15:26:48.746
29678000,0.0829,1,2022-11-06 15:26:48.746
29666000,0.0027,0,2022-11-06 15:26:49.874
29665000,0.0241,0,2022-11-06 15:26:49.874
29664000,0.0612,0,2022-11-06 15:26:49.874
29663000,0.6472,0,2022-11-06 15:26:49.874
29661000,0.0476,0,2022-11-06 15:26:49.874
29674000,0.0268,1,2022-11-06 15:26:49.874
29675000,0.1271,1,2022-11-06 15:26:49.874
29676000,0.6746,1,2022-11-06 15:26:49.874
29677000,0.0898,1,2022-11-06 15:26:49.874
29678000,0.0829,1,2022-11-06 15:26:49.874
29666000,0.0027,0,2022-11-06 15:26:50.782
29665000,0.0241,0,2022-11-06 15:26:50.782
29664000,0.0612,0,2022-11-06 15:26:50.782
29663000,0.5951,0,2022-11-06 15:26:50.782
29661000,0.0476,0,2022-11-06 15:26:50.782
29674000,0.0268,1,2022-11-06 15:26:50.782
29675000,0.1271,1,2022-11-06 15:26:50.782
29676000,0.7264,1,2022-11-06 15:26:50.782
29677000,0.0898,1,2022-11-06 15:26:50.782
29678000,0.0829,1,2022-11-06 15:26:50.782
29666000,0.0441,0,2022-11-06 15:26:52.653
29665000,0.1213,0,2022-11-06 15:26:52.653
29664000,0.0612,0,2022-11-06 15:26:52.653
29663000,0.6471,0,2022-11-06 15:26:52.653
29661000,0.0974,0,2022-11-06 15:26:52.653
29674000,0.0268,1,2022-11-06 15:26:52.653
29675000,0.1271,1,2022-11-06 15:26:52.653
29676000,0.6746,1,2022-11-06 15:26:52.653
29677000,0.0898,1,2022-11-06 15:26:52.653
29678000,0.0832,1,2022-11-06 15:26:52.653
29667000,0.0399,0,2022-11-06 15:26:53.695
29666000,0.0609,0,2022-11-06 15:26:53.695
29665000,0.1213,0,2022-11-06 15:26:53.695
29664000,0.0456,0,2022-11-06 15:26:53.695
29663000,0.6471,0,2022-11-06 15:26:53.695
29674000,0.0268,1,2022-11-06 15:26:53.695
29675000,0.0383,1,2022-11-06 15:26:53.695
29676000,0.6746,1,2022-11-06 15:26:53.695
29677000,0.0898,1,2022-11-06 15:26:53.695
29678000,0.0832,1,2022-11-06 15:26:53.695
29669000,0.1054,0,2022-11-06 15:26:54.728
29668000,0.0859,0,2022-11-06 15:26:54.728
29667000,0.0188,0,2022-11-06 15:26:54.728
29666000,0.0609,0,2022-11-06 15:26:54.728
29665000,0.1213,0,2022-11-06 15:26:54.728
29675000,0.0383,1,2022-11-06 15:26:54.728
29678000,0.0312,1,2022-11-06 15:26:54.728
29679000,0.0858,1,2022-11-06 15:26:54.728
29680000,0.0543,1,2022-11-06 15:26:54.728
29682000,0.4364,1,2022-11-06 15:26:54.728
29669000,0.1054,0,2022-11-06 15:26:55.813
29668000,0.0859,0,2022-11-06 15:26:55.813
29667000,0.068,0,2022-11-06 15:26:55.813
29666000,0.0441,0,2022-11-06 15:26:55.813
29665000,0.0409,0,2022-11-06 15:26:55.813
29678000,0.0572,1,2022-11-06 15:26:55.813
29679000,0.7605,1,2022-11-06 15:26:55.813
29680000,0.0543,1,2022-11-06 15:26:55.813
29682000,0.4878,1,2022-11-06 15:26:55.813
29685000,0.0704,1,2022-11-06 15:26:55.813
29669000,0.1054,0,2022-11-06 15:26:55.813
29668000,0.0859,0,2022-11-06 15:26:55.813
29667000,0.068,0,2022-11-06 15:26:55.813
29666000,0.0441,0,2022-11-06 15:26:55.813
29665000,0.0409,0,2022-11-06 15:26:55.813
29678000,0.0572,1,2022-11-06 15:26:55.813
29679000,0.7605,1,2022-11-06 15:26:55.813
29680000,0.0543,1,2022-11-06 15:26:55.813
29682000,0.4878,1,2022-11-06 15:26:55.813
29685000,0.0704,1,2022-11-06 15:26:55.813
29669000,0.1014,0,2022-11-06 15:26:57.748
29668000,0.0859,0,2022-11-06 15:26:57.748
29667000,0.0188,0,2022-11-06 15:26:57.748
29666000,0.0441,0,2022-11-06 15:26:57.748
29665000,0.0409,0,2022-11-06 15:26:57.748
29678000,0.0945,1,2022-11-06 15:26:57.748
29679000,0.7605,1,2022-11-06 15:26:57.748
29680000,0.0543,1,2022-11-06 15:26:57.748
29682000,0.4878,1,2022-11-06 15:26:57.748
29685000,0.0704,1,2022-11-06 15:26:57.748
29669000,0.0932,0,2022-11-06 15:26:58.680
29668000,0.0859,0,2022-11-06 15:26:58.680
29667000,0.0188,0,2022-11-06 15:26:58.680
29666000,0.0965,0,2022-11-06 15:26:58.680
29665000,0.0409,0,2022-11-06 15:26:58.680
29678000,0.0945,1,2022-11-06 15:26:58.680
29679000,0.7605,1,2022-11-06 15:26:58.680
29680000,0.0543,1,2022-11-06 15:26:58.680
29682000,0.4878,1,2022-11-06 15:26:58.680
29685000,0.0704,1,2022-11-06 15:26:58.680
29669000,0.0932,0,2022-11-06 15:26:59.641
29668000,0.0859,0,2022-11-06 15:26:59.641
29667000,0.0188,0,2022-11-06 15:26:59.641
29666000,0.0965,0,2022-11-06 15:26:59.641
29665000,0.0409,0,2022-11-06 15:26:59.641
29678000,0.0945,1,2022-11-06 15:26:59.641
29679000,0.7605,1,2022-11-06 15:26:59.641
29680000,0.0543,1,2022-11-06 15:26:59.641
29682000,0.4878,1,2022-11-06 15:26:59.641
29685000,0.0704,1,2022-11-06 15:26:59.641
29668000,0.0859,0,2022-11-06 15:27:00.766
29667000,0.0188,0,2022-11-06 15:27:00.766
29666000,0.0965,0,2022-11-06 15:27:00.766
29665000,0.0409,0,2022-11-06 15:27:00.766
29664000,0.0456,0,2022-11-06 15:27:00.766
29678000,0.0945,1,2022-11-06 15:27:00.766
29679000,0.7605,1,2022-11-06 15:27:00.766
29680000,0.0543,1,2022-11-06 15:27:00.766
29682000,0.4878,1,2022-11-06 15:27:00.766
29685000,0.0704,1,2022-11-06 15:27:00.766
29669000,0.044,0,2022-11-06 15:27:01.705
29668000,0.1131,0,2022-11-06 15:27:01.705
29667000,0.0188,0,2022-11-06 15:27:01.705
29666000,0.0965,0,2022-11-06 15:27:01.705
29665000,0.0409,0,2022-11-06 15:27:01.705
29678000,0.0945,1,2022-11-06 15:27:01.705
29679000,0.7605,1,2022-11-06 15:27:01.705
29680000,0.0543,1,2022-11-06 15:27:01.705
29682000,0.5287,1,2022-11-06 15:27:01.705
29685000,0.0314,1,2022-11-06 15:27:01.705
29669000,0.044,0,2022-11-06 15:27:02.699
29668000,0.1131,0,2022-11-06 15:27:02.699
29667000,0.0188,0,2022-11-06 15:27:02.699
29666000,0.0965,0,2022-11-06 15:27:02.699
29665000,0.0409,0,2022-11-06 15:27:02.699
29678000,0.0945,1,2022-11-06 15:27:02.699
29679000,0.7605,1,2022-11-06 15:27:02.699
29680000,0.0543,1,2022-11-06 15:27:02.699
29682000,0.5287,1,2022-11-06 15:27:02.699
29685000,0.0314,1,2022-11-06 15:27:02.699
29669000,0.0394,0,2022-11-06 15:27:03.945
29668000,0.1131,0,2022-11-06 15:27:03.945
29667000,0.0188,0,2022-11-06 15:27:03.945
29666000,0.0965,0,2022-11-06 15:27:03.945
29665000,0.0409,0,2022-11-06 15:27:03.945
29678000,0.0945,1,2022-11-06 15:27:03.945
29679000,0.7605,1,2022-11-06 15:27:03.945
29680000,0.0543,1,2022-11-06 15:27:03.945
29682000,0.5287,1,2022-11-06 15:27:03.945
29685000,0.0314,1,2022-11-06 15:27:03.945
29669000,0.0394,0,2022-11-06 15:27:04.485
29668000,0.1131,0,2022-11-06 15:27:04.485
29667000,0.0188,0,2022-11-06 15:27:04.485
29666000,0.0965,0,2022-11-06 15:27:04.485
29665000,0.0409,0,2022-11-06 15:27:04.485
29678000,0.0945,1,2022-11-06 15:27:04.485
29679000,0.7605,1,2022-11-06 15:27:04.485
29680000,0.0543,1,2022-11-06 15:27:04.485
29682000,0.5287,1,2022-11-06 15:27:04.485
29685000,0.0314,1,2022-11-06 15:27:04.485
29669000,0.0274,0,2022-11-06 15:27:05.692
29668000,0.0859,0,2022-11-06 15:27:05.692
29667000,0.0322,0,2022-11-06 15:27:05.692
29666000,0.1222,0,2022-11-06 15:27:05.692
29665000,0.0409,0,2022-11-06 15:27:05.692
29677000,0.0865,1,2022-11-06 15:27:05.692
29678000,0.0945,1,2022-11-06 15:27:05.692
29679000,0.7605,1,2022-11-06 15:27:05.692
29680000,0.093,1,2022-11-06 15:27:05.692
29682000,0.4878,1,2022-11-06 15:27:05.692
29668000,0.0626,0,2022-11-06 15:27:06.734
29666000,0.0965,0,2022-11-06 15:27:06.734
29665000,0.0409,0,2022-11-06 15:27:06.734
29664000,0.0456,0,2022-11-06 15:27:06.734
29663000,0.6089,0,2022-11-06 15:27:06.734
29676000,0.0889,1,2022-11-06 15:27:06.734
29677000,0.1264,1,2022-11-06 15:27:06.734
29678000,0.7692,1,2022-11-06 15:27:06.734
29679000,0.0858,1,2022-11-06 15:27:06.734
29680000,0.093,1,2022-11-06 15:27:06.734
29668000,0.0626,0,2022-11-06 15:27:07.753
29666000,0.0441,0,2022-11-06 15:27:07.753
29665000,0.0409,0,2022-11-06 15:27:07.753
29664000,0.0456,0,2022-11-06 15:27:07.753
29663000,0.6354,0,2022-11-06 15:27:07.753
29676000,0.0877,1,2022-11-06 15:27:07.753
29677000,0.1264,1,2022-11-06 15:27:07.753
29678000,0.0945,1,2022-11-06 15:27:07.753
29679000,0.1356,1,2022-11-06 15:27:07.753
29680000,0.0543,1,2022-11-06 15:27:07.753
29668000,0.0536,0,2022-11-06 15:27:08.738
29666000,0.0441,0,2022-11-06 15:27:08.738
29665000,0.0409,0,2022-11-06 15:27:08.738
29664000,0.0971,0,2022-11-06 15:27:08.738
29663000,0.6354,0,2022-11-06 15:27:08.738
29676000,0.0877,1,2022-11-06 15:27:08.738
29677000,0.1264,1,2022-11-06 15:27:08.738
29678000,0.0945,1,2022-11-06 15:27:08.738
29679000,0.1356,1,2022-11-06 15:27:08.738
29680000,0.1072,1,2022-11-06 15:27:08.738
29668000,0.0536,0,2022-11-06 15:27:09.738
29666000,0.0441,0,2022-11-06 15:27:09.738
29665000,0.0409,0,2022-11-06 15:27:09.738
29664000,0.0971,0,2022-11-06 15:27:09.738
29663000,0.6354,0,2022-11-06 15:27:09.738
29676000,0.0877,1,2022-11-06 15:27:09.738
29677000,0.1264,1,2022-11-06 15:27:09.738
29678000,0.7692,1,2022-11-06 15:27:09.738
29679000,0.1356,1,2022-11-06 15:27:09.738
29680000,0.1072,1,2022-11-06 15:27:09.738
29668000,0.0498,0,2022-11-06 15:27:11.784
29666000,0.0441,0,2022-11-06 15:27:11.784
29665000,0.0409,0,2022-11-06 15:27:11.784
29664000,0.0971,0,2022-11-06 15:27:11.784
29663000,0.6354,0,2022-11-06 15:27:11.784
29676000,0.0877,1,2022-11-06 15:27:11.784
29677000,0.1264,1,2022-11-06 15:27:11.784
29678000,0.7692,1,2022-11-06 15:27:11.784
29679000,0.1356,1,2022-11-06 15:27:11.784
29680000,0.0543,1,2022-11-06 15:27:11.784
29668000,0.0431,0,2022-11-06 15:27:12.738
29667000,0.0115,0,2022-11-06 15:27:12.738
29666000,0.0441,0,2022-11-06 15:27:12.738
29665000,0.0409,0,2022-11-06 15:27:12.738
29664000,0.0971,0,2022-11-06 15:27:12.738
29669000,0.0152,1,2022-11-06 15:27:12.738
29676000,0.0877,1,2022-11-06 15:27:12.738
29677000,0.1264,1,2022-11-06 15:27:12.738
29678000,0.7692,1,2022-11-06 15:27:12.738
29679000,0.1356,1,2022-11-06 15:27:12.738
29668000,0.0431,0,2022-11-06 15:27:13.622
29667000,0.0115,0,2022-11-06 15:27:13.622
29666000,0.0441,0,2022-11-06 15:27:13.622
29665000,0.0409,0,2022-11-06 15:27:13.622
29664000,0.0971,0,2022-11-06 15:27:13.622
29669000,0.0152,1,2022-11-06 15:27:13.622
29675000,0.062,1,2022-11-06 15:27:13.622
29676000,0.0877,1,2022-11-06 15:27:13.622
29677000,0.1264,1,2022-11-06 15:27:13.622
29678000,0.7059,1,2022-11-06 15:27:13.622
29668000,0.0431,0,2022-11-06 15:27:14.691
29667000,0.0115,0,2022-11-06 15:27:14.691
29666000,0.0441,0,2022-11-06 15:27:14.691
29665000,0.0409,0,2022-11-06 15:27:14.691
29664000,0.0971,0,2022-11-06 15:27:14.691
29669000,0.0152,1,2022-11-06 15:27:14.691
29675000,0.062,1,2022-11-06 15:27:14.691
29676000,0.0877,1,2022-11-06 15:27:14.691
29677000,0.1264,1,2022-11-06 15:27:14.691
29678000,0.0312,1,2022-11-06 15:27:14.691
29668000,0.0431,0,2022-11-06 15:27:15.817
29667000,0.0115,0,2022-11-06 15:27:15.817
29666000,0.0441,0,2022-11-06 15:27:15.817
29665000,0.0409,0,2022-11-06 15:27:15.817
29664000,0.0971,0,2022-11-06 15:27:15.817
29669000,0.0152,1,2022-11-06 15:27:15.817
29675000,0.062,1,2022-11-06 15:27:15.817
29676000,0.0877,1,2022-11-06 15:27:15.817
29677000,0.1264,1,2022-11-06 15:27:15.817
29678000,0.0312,1,2022-11-06 15:27:15.817
29668000,0.0431,0,2022-11-06 15:27:16.657
29667000,0.0115,0,2022-11-06 15:27:16.657
29666000,0.0441,0,2022-11-06 15:27:16.657
29665000,0.0409,0,2022-11-06 15:27:16.657
29664000,0.0971,0,2022-11-06 15:27:16.657
29669000,0.0152,1,2022-11-06 15:27:16.657
29675000,0.062,1,2022-11-06 15:27:16.657
29676000,0.0877,1,2022-11-06 15:27:16.657
29677000,0.1264,1,2022-11-06 15:27:16.657
29678000,0.0312,1,2022-11-06 15:27:16.657
29667000,0.0115,0,2022-11-06 15:27:17.960
29665000,0.0409,0,2022-11-06 15:27:17.960
29664000,0.0456,0,2022-11-06 15:27:17.960
29663000,0.6354,0,2022-11-06 15:27:17.960
29661000,0.0476,0,2022-11-06 15:27:17.960
29669000,0.0152,1,2022-11-06 15:27:17.960
29674000,0.0857,1,2022-11-06 15:27:17.960
29675000,0.062,1,2022-11-06 15:27:17.960
29676000,0.0877,1,2022-11-06 15:27:17.960
29677000,0.1775,1,2022-11-06 15:27:17.960
29667000,0.0115,0,2022-11-06 15:27:18.708
29665000,0.0926,0,2022-11-06 15:27:18.708
29664000,0.0456,0,2022-11-06 15:27:18.708
29663000,0.6354,0,2022-11-06 15:27:18.708
29662000,0.0514,0,2022-11-06 15:27:18.708
29668000,0.004,1,2022-11-06 15:27:18.708
29669000,0.0152,1,2022-11-06 15:27:18.708
29674000,0.0857,1,2022-11-06 15:27:18.708
29675000,0.062,1,2022-11-06 15:27:18.708
29676000,0.0877,1,2022-11-06 15:27:18.708
29667000,0.0115,0,2022-11-06 15:27:19.635
29665000,0.0926,0,2022-11-06 15:27:19.635
29664000,0.0456,0,2022-11-06 15:27:19.635
29663000,0.6354,0,2022-11-06 15:27:19.635
29662000,0.0514,0,2022-11-06 15:27:19.635
29668000,0.004,1,2022-11-06 15:27:19.635
29669000,0.0152,1,2022-11-06 15:27:19.635
29674000,0.0857,1,2022-11-06 15:27:19.635
29675000,0.062,1,2022-11-06 15:27:19.635
29676000,0.0877,1,2022-11-06 15:27:19.635
29667000,0.0115,0,2022-11-06 15:27:20.692
29665000,0.0926,0,2022-11-06 15:27:20.692
29664000,0.0456,0,2022-11-06 15:27:20.692
29663000,0.6354,0,2022-11-06 15:27:20.692
29662000,0.0514,0,2022-11-06 15:27:20.692
29668000,0.004,1,2022-11-06 15:27:20.692
29669000,0.0152,1,2022-11-06 15:27:20.692
29674000,0.0857,1,2022-11-06 15:27:20.692
29675000,0.062,1,2022-11-06 15:27:20.692
29676000,0.0877,1,2022-11-06 15:27:20.692
29665000,0.0926,0,2022-11-06 15:27:21.653
29664000,0.0456,0,2022-11-06 15:27:21.653
29663000,0.6354,0,2022-11-06 15:27:21.653
29662000,0.0514,0,2022-11-06 15:27:21.653
29661000,0.0476,0,2022-11-06 15:27:21.653
29668000,0.004,1,2022-11-06 15:27:21.653
29669000,0.0152,1,2022-11-06 15:27:21.653
29674000,0.0857,1,2022-11-06 15:27:21.653
29675000,0.062,1,2022-11-06 15:27:21.653
29676000,0.0877,1,2022-11-06 15:27:21.653
29665000,0.0926,0,2022-11-06 15:27:22.639
29664000,0.0456,0,2022-11-06 15:27:22.639
29663000,0.6354,0,2022-11-06 15:27:22.639
29662000,0.0514,0,2022-11-06 15:27:22.639
29661000,0.0476,0,2022-11-06 15:27:22.639
29668000,0.004,1,2022-11-06 15:27:22.639
29669000,0.0152,1,2022-11-06 15:27:22.639
29674000,0.0857,1,2022-11-06 15:27:22.639
29675000,0.062,1,2022-11-06 15:27:22.639
29676000,0.0877,1,2022-11-06 15:27:22.639
29665000,0.0926,0,2022-11-06 15:27:23.672
29664000,0.0456,0,2022-11-06 15:27:23.672
29663000,0.6354,0,2022-11-06 15:27:23.672
29662000,0.0514,0,2022-11-06 15:27:23.672
29661000,0.0476,0,2022-11-06 15:27:23.672
29668000,0.004,1,2022-11-06 15:27:23.672
29669000,0.0152,1,2022-11-06 15:27:23.672
29674000,0.0857,1,2022-11-06 15:27:23.672
29675000,0.062,1,2022-11-06 15:27:23.672
29676000,0.0877,1,2022-11-06 15:27:23.672
29665000,0.0517,0,2022-11-06 15:27:24.808
29664000,0.0456,0,2022-11-06 15:27:24.808
29663000,0.6354,0,2022-11-06 15:27:24.808
29662000,0.0514,0,2022-11-06 15:27:24.808
29661000,0.0476,0,2022-11-06 15:27:24.808
29669000,0.0152,1,2022-11-06 15:27:24.808
29674000,0.0857,1,2022-11-06 15:27:24.808
29675000,0.062,1,2022-11-06 15:27:24.808
29676000,0.0877,1,2022-11-06 15:27:24.808
29677000,0.091,1,2022-11-06 15:27:24.808
29665000,0.0517,0,2022-11-06 15:27:25.779
29664000,0.0456,0,2022-11-06 15:27:25.779
29663000,0.6354,0,2022-11-06 15:27:25.779
29662000,0.0514,0,2022-11-06 15:27:25.779
29661000,0.0476,0,2022-11-06 15:27:25.779
29669000,0.0041,1,2022-11-06 15:27:25.779
29674000,0.0857,1,2022-11-06 15:27:25.779
29675000,0.062,1,2022-11-06 15:27:25.779
29676000,0.0877,1,2022-11-06 15:27:25.779
29677000,0.091,1,2022-11-06 15:27:25.779
29665000,0.0517,0,2022-11-06 15:27:26.680
29664000,0.0456,0,2022-11-06 15:27:26.680
29663000,0.6354,0,2022-11-06 15:27:26.680
29662000,0.0514,0,2022-11-06 15:27:26.680
29661000,0.0476,0,2022-11-06 15:27:26.680
29669000,0.0041,1,2022-11-06 15:27:26.680
29674000,0.0857,1,2022-11-06 15:27:26.680
29675000,0.062,1,2022-11-06 15:27:26.680
29676000,0.0877,1,2022-11-06 15:27:26.680
29677000,0.091,1,2022-11-06 15:27:26.680
29665000,0.0362,0,2022-11-06 15:27:27.815
29664000,0.0456,0,2022-11-06 15:27:27.815
29663000,0.6354,0,2022-11-06 15:27:27.815
29662000,0.0514,0,2022-11-06 15:27:27.815
29661000,0.0476,0,2022-11-06 15:27:27.815
29669000,0.0041,1,2022-11-06 15:27:27.815
29672000,0.0846,1,2022-11-06 15:27:27.815
29674000,0.0857,1,2022-11-06 15:27:27.815
29675000,0.062,1,2022-11-06 15:27:27.815
29676000,0.0877,1,2022-11-06 15:27:27.815
29665000,0.0362,0,2022-11-06 15:27:28.657
29664000,0.0456,0,2022-11-06 15:27:28.657
29663000,0.5951,0,2022-11-06 15:27:28.657
29662000,0.0514,0,2022-11-06 15:27:28.657
29661000,0.0476,0,2022-11-06 15:27:28.657
29669000,0.0041,1,2022-11-06 15:27:28.657
29672000,0.0846,1,2022-11-06 15:27:28.657
29674000,0.0857,1,2022-11-06 15:27:28.657
29675000,0.1002,1,2022-11-06 15:27:28.657
29676000,0.0877,1,2022-11-06 15:27:28.657
29665000,0.0362,0,2022-11-06 15:27:29.684
29664000,0.0456,0,2022-11-06 15:27:29.684
29663000,0.5951,0,2022-11-06 15:27:29.684
29662000,0.0514,0,2022-11-06 15:27:29.684
29661000,0.0476,0,2022-11-06 15:27:29.684
29669000,0.0041,1,2022-11-06 15:27:29.684
29672000,0.0846,1,2022-11-06 15:27:29.684
29674000,0.0857,1,2022-11-06 15:27:29.684
29675000,0.1002,1,2022-11-06 15:27:29.684
29676000,0.0877,1,2022-11-06 15:27:29.684
29665000,0.0362,0,2022-11-06 15:27:30.757
29664000,0.0456,0,2022-11-06 15:27:30.757
29663000,0.5951,0,2022-11-06 15:27:30.757
29662000,0.0514,0,2022-11-06 15:27:30.757
29661000,0.0476,0,2022-11-06 15:27:30.757
29669000,0.0041,1,2022-11-06 15:27:30.757
29672000,0.0846,1,2022-11-06 15:27:30.757
29674000,0.0857,1,2022-11-06 15:27:30.757
29675000,0.1002,1,2022-11-06 15:27:30.757
29676000,0.0877,1,2022-11-06 15:27:30.757
29665000,0.0361,0,2022-11-06 15:27:32.656
29664000,0.0714,0,2022-11-06 15:27:32.656
29663000,0.5951,0,2022-11-06 15:27:32.656
29662000,0.0514,0,2022-11-06 15:27:32.656
29661000,0.0873,0,2022-11-06 15:27:32.656
29669000,0.0041,1,2022-11-06 15:27:32.656
29672000,0.0846,1,2022-11-06 15:27:32.656
29674000,0.0857,1,2022-11-06 15:27:32.656
29675000,0.1002,1,2022-11-06 15:27:32.656
29676000,0.0877,1,2022-11-06 15:27:32.656
29665000,0.0361,0,2022-11-06 15:27:33.674
29664000,0.0714,0,2022-11-06 15:27:33.674
29663000,0.5951,0,2022-11-06 15:27:33.674
29662000,0.0514,0,2022-11-06 15:27:33.674
29661000,0.0873,0,2022-11-06 15:27:33.674
29669000,0.0041,1,2022-11-06 15:27:33.674
29672000,0.0846,1,2022-11-06 15:27:33.674
29674000,0.0857,1,2022-11-06 15:27:33.674
29675000,0.1002,1,2022-11-06 15:27:33.674
29676000,0.0877,1,2022-11-06 15:27:33.674
29665000,0.0361,0,2022-11-06 15:27:34.629
29664000,0.0714,0,2022-11-06 15:27:34.629
29663000,0.5951,0,2022-11-06 15:27:34.629
29662000,0.0514,0,2022-11-06 15:27:34.629
29661000,0.0873,0,2022-11-06 15:27:34.629
29669000,0.0041,1,2022-11-06 15:27:34.629
29672000,0.0846,1,2022-11-06 15:27:34.629
29674000,0.0857,1,2022-11-06 15:27:34.629
29675000,0.1002,1,2022-11-06 15:27:34.629
29676000,0.0877,1,2022-11-06 15:27:34.629
29665000,0.0361,0,2022-11-06 15:27:35.695
29664000,0.0714,0,2022-11-06 15:27:35.695
29663000,0.5951,0,2022-11-06 15:27:35.695
29662000,0.0514,0,2022-11-06 15:27:35.695
29661000,0.0873,0,2022-11-06 15:27:35.695
29669000,0.0041,1,2022-11-06 15:27:35.695
29672000,0.0846,1,2022-11-06 15:27:35.695
29674000,0.0857,1,2022-11-06 15:27:35.695
29675000,0.1002,1,2022-11-06 15:27:35.695
29676000,0.0877,1,2022-11-06 15:27:35.695
29665000,0.0361,0,2022-11-06 15:27:36.697
29664000,0.0714,0,2022-11-06 15:27:36.697
29663000,0.6477,0,2022-11-06 15:27:36.697
29662000,0.0514,0,2022-11-06 15:27:36.697
29661000,0.0873,0,2022-11-06 15:27:36.697
29669000,0.0041,1,2022-11-06 15:27:36.697
29672000,0.0846,1,2022-11-06 15:27:36.697
29674000,0.0857,1,2022-11-06 15:27:36.697
29675000,0.1002,1,2022-11-06 15:27:36.697
29676000,0.0877,1,2022-11-06 15:27:36.697
29665000,0.0361,0,2022-11-06 15:27:37.882
29664000,0.0714,0,2022-11-06 15:27:37.882
29663000,0.6477,0,2022-11-06 15:27:37.882
29661000,0.0873,0,2022-11-06 15:27:37.882
29660000,0.001,0,2022-11-06 15:27:37.882
29669000,0.0041,1,2022-11-06 15:27:37.882
29672000,0.0846,1,2022-11-06 15:27:37.882
29674000,0.0857,1,2022-11-06 15:27:37.882
29675000,0.1002,1,2022-11-06 15:27:37.882
29676000,0.0877,1,2022-11-06 15:27:37.882
29665000,0.0361,0,2022-11-06 15:27:38.852
29664000,0.0714,0,2022-11-06 15:27:38.852
29663000,0.6477,0,2022-11-06 15:27:38.852
29661000,0.0873,0,2022-11-06 15:27:38.852
29660000,0.001,0,2022-11-06 15:27:38.852
29669000,0.0041,1,2022-11-06 15:27:38.852
29672000,0.0846,1,2022-11-06 15:27:38.852
29674000,0.0857,1,2022-11-06 15:27:38.852
29675000,0.1002,1,2022-11-06 15:27:38.852
29676000,0.0877,1,2022-11-06 15:27:38.852
29665000,0.0361,0,2022-11-06 15:27:39.812
29664000,0.0714,0,2022-11-06 15:27:39.812
29663000,0.6477,0,2022-11-06 15:27:39.812
29661000,0.0873,0,2022-11-06 15:27:39.812
29660000,0.001,0,2022-11-06 15:27:39.812
29669000,0.0041,1,2022-11-06 15:27:39.812
29672000,0.0846,1,2022-11-06 15:27:39.812
29674000,0.0857,1,2022-11-06 15:27:39.812
29675000,0.1002,1,2022-11-06 15:27:39.812
29676000,0.0877,1,2022-11-06 15:27:39.812
29665000,0.0361,0,2022-11-06 15:27:40.684
29664000,0.0258,0,2022-11-06 15:27:40.684
29663000,0.6477,0,2022-11-06 15:27:40.684
29661000,0.0873,0,2022-11-06 15:27:40.684
29660000,0.001,0,2022-11-06 15:27:40.684
29669000,0.0041,1,2022-11-06 15:27:40.684
29672000,0.0846,1,2022-11-06 15:27:40.684
29674000,0.0857,1,2022-11-06 15:27:40.684
29675000,0.1002,1,2022-11-06 15:27:40.684
29676000,0.0877,1,2022-11-06 15:27:40.684
29665000,0.0361,0,2022-11-06 15:27:41.662
29664000,0.0258,0,2022-11-06 15:27:41.662
29663000,0.6477,0,2022-11-06 15:27:41.662
29661000,0.0873,0,2022-11-06 15:27:41.662
29660000,0.001,0,2022-11-06 15:27:41.662
29669000,0.0041,1,2022-11-06 15:27:41.662
29672000,0.0846,1,2022-11-06 15:27:41.662
29674000,0.0857,1,2022-11-06 15:27:41.662
29675000,0.1002,1,2022-11-06 15:27:41.662
29676000,0.0877,1,2022-11-06 15:27:41.662
29665000,0.0361,0,2022-11-06 15:27:42.665
29664000,0.0258,0,2022-11-06 15:27:42.665
29663000,0.6477,0,2022-11-06 15:27:42.665
29661000,0.0873,0,2022-11-06 15:27:42.665
29660000,0.001,0,2022-11-06 15:27:42.665
29669000,0.0041,1,2022-11-06 15:27:42.665
29672000,0.0846,1,2022-11-06 15:27:42.665
29674000,0.0857,1,2022-11-06 15:27:42.665
29675000,0.1002,1,2022-11-06 15:27:42.665
29676000,0.0877,1,2022-11-06 15:27:42.665
29665000,0.0361,0,2022-11-06 15:27:43.738
29664000,0.0258,0,2022-11-06 15:27:43.738
29663000,0.6477,0,2022-11-06 15:27:43.738
29661000,0.0873,0,2022-11-06 15:27:43.738
29660000,0.001,0,2022-11-06 15:27:43.738
29669000,0.0041,1,2022-11-06 15:27:43.738
29672000,0.0846,1,2022-11-06 15:27:43.738
29674000,0.0857,1,2022-11-06 15:27:43.738
29675000,0.1002,1,2022-11-06 15:27:43.738
29676000,0.0877,1,2022-11-06 15:27:43.738
29665000,0.0134,0,2022-11-06 15:27:44.734
29664000,0.0258,0,2022-11-06 15:27:44.734
29663000,0.6044,0,2022-11-06 15:27:44.734
29661000,0.0476,0,2022-11-06 15:27:44.734
29660000,0.0393,0,2022-11-06 15:27:44.734
29669000,0.0041,1,2022-11-06 15:27:44.734
29672000,0.1232,1,2022-11-06 15:27:44.734
29674000,0.0857,1,2022-11-06 15:27:44.734
29675000,0.062,1,2022-11-06 15:27:44.734
29676000,0.0877,1,2022-11-06 15:27:44.734
29665000,0.0134,0,2022-11-06 15:27:46.050
29664000,0.0618,0,2022-11-06 15:27:46.050
29663000,0.6007,0,2022-11-06 15:27:46.050
29662000,0.041,0,2022-11-06 15:27:46.050
29661000,0.0476,0,2022-11-06 15:27:46.050
29669000,0.0041,1,2022-11-06 15:27:46.050
29672000,0.1466,1,2022-11-06 15:27:46.050
29674000,0.0857,1,2022-11-06 15:27:46.050
29675000,0.062,1,2022-11-06 15:27:46.050
29676000,0.0877,1,2022-11-06 15:27:46.050
29665000,0.0134,0,2022-11-06 15:27:46.870
29664000,0.0618,0,2022-11-06 15:27:46.870
29663000,0.6007,0,2022-11-06 15:27:46.870
29662000,0.041,0,2022-11-06 15:27:46.870
29661000,0.0476,0,2022-11-06 15:27:46.870
29669000,0.0041,1,2022-11-06 15:27:46.870
29672000,0.1466,1,2022-11-06 15:27:46.870
29674000,0.1254,1,2022-11-06 15:27:46.870
29675000,0.062,1,2022-11-06 15:27:46.870
29676000,0.0877,1,2022-11-06 15:27:46.870
29664000,0.0258,0,2022-11-06 15:27:47.708
29663000,0.2224,0,2022-11-06 15:27:47.708
29662000,0.041,0,2022-11-06 15:27:47.708
29661000,0.0994,0,2022-11-06 15:27:47.708
29660000,0.0393,0,2022-11-06 15:27:47.708
29669000,0.0041,1,2022-11-06 15:27:47.708
29672000,0.1466,1,2022-11-06 15:27:47.708
29674000,0.1254,1,2022-11-06 15:27:47.708
29676000,0.0877,1,2022-11-06 15:27:47.708
29677000,0.0524,1,2022-11-06 15:27:47.708
29664000,0.0258,0,2022-11-06 15:27:48.773
29663000,0.2224,0,2022-11-06 15:27:48.773
29662000,0.0536,0,2022-11-06 15:27:48.773
29661000,0.0994,0,2022-11-06 15:27:48.773
29660000,0.0393,0,2022-11-06 15:27:48.773
29669000,0.0041,1,2022-11-06 15:27:48.773
29672000,0.1466,1,2022-11-06 15:27:48.773
29674000,0.1254,1,2022-11-06 15:27:48.773
29676000,0.0877,1,2022-11-06 15:27:48.773
29677000,0.0524,1,2022-11-06 15:27:48.773
29664000,0.0258,0,2022-11-06 15:27:49.699
29663000,0.2224,0,2022-11-06 15:27:49.699
29662000,0.0536,0,2022-11-06 15:27:49.699
29661000,0.0994,0,2022-11-06 15:27:49.699
29660000,0.0393,0,2022-11-06 15:27:49.699
29669000,0.0041,1,2022-11-06 15:27:49.699
29672000,0.1466,1,2022-11-06 15:27:49.699
29674000,0.1254,1,2022-11-06 15:27:49.699
29676000,0.0877,1,2022-11-06 15:27:49.699
29677000,0.0524,1,2022-11-06 15:27:49.699
29664000,0.0258,0,2022-11-06 15:27:50.736
29663000,0.2224,0,2022-11-06 15:27:50.736
29662000,0.0536,0,2022-11-06 15:27:50.736
29661000,0.0994,0,2022-11-06 15:27:50.736
29660000,0.0393,0,2022-11-06 15:27:50.736
29669000,0.0041,1,2022-11-06 15:27:50.736
29672000,0.1466,1,2022-11-06 15:27:50.736
29674000,0.1254,1,2022-11-06 15:27:50.736
29676000,0.0877,1,2022-11-06 15:27:50.736
29677000,0.0524,1,2022-11-06 15:27:50.736
29664000,0.0258,0,2022-11-06 15:27:51.730
29663000,0.2224,0,2022-11-06 15:27:51.730
29662000,0.0536,0,2022-11-06 15:27:51.730
29661000,0.0994,0,2022-11-06 15:27:51.730
29660000,0.0393,0,2022-11-06 15:27:51.730
29669000,0.0041,1,2022-11-06 15:27:51.730
29672000,0.1466,1,2022-11-06 15:27:51.730
29674000,0.1254,1,2022-11-06 15:27:51.730
29676000,0.0877,1,2022-11-06 15:27:51.730
29677000,0.0524,1,2022-11-06 15:27:51.730
29660000,0.001,0,2022-11-06 15:27:52.739
29655000,0.0341,0,2022-11-06 15:27:52.739
29652000,0.05,0,2022-11-06 15:27:52.739
29650000,0.4438,0,2022-11-06 15:27:52.739
29646000,0.0004,0,2022-11-06 15:27:52.739
29663000,0.0369,1,2022-11-06 15:27:52.739
29664000,0.1098,1,2022-11-06 15:27:52.739
29667000,0.0384,1,2022-11-06 15:27:52.739
29668000,0.4587,1,2022-11-06 15:27:52.739
29669000,0.0891,1,2022-11-06 15:27:52.739
29660000,0.001,0,2022-11-06 15:27:53.769
29655000,0.001,0,2022-11-06 15:27:53.769
29653000,0.1164,0,2022-11-06 15:27:53.769
29652000,0.05,0,2022-11-06 15:27:53.769
29650000,0.5354,0,2022-11-06 15:27:53.769
29662000,0.7042,1,2022-11-06 15:27:53.769
29663000,0.0978,1,2022-11-06 15:27:53.769
29664000,0.0402,1,2022-11-06 15:27:53.769
29665000,0.0504,1,2022-11-06 15:27:53.769
29667000,0.1559,1,2022-11-06 15:27:53.769
29660000,0.001,0,2022-11-06 15:27:54.733
29655000,0.001,0,2022-11-06 15:27:54.733
29653000,0.1506,0,2022-11-06 15:27:54.733
29652000,0.05,0,2022-11-06 15:27:54.733
29651000,0.0313,0,2022-11-06 15:27:54.733
29662000,0.7042,1,2022-11-06 15:27:54.733
29663000,0.0978,1,2022-11-06 15:27:54.733
29664000,0.0402,1,2022-11-06 15:27:54.733
29665000,0.0504,1,2022-11-06 15:27:54.733
29667000,0.103,1,2022-11-06 15:27:54.733
29660000,0.001,0,2022-11-06 15:27:55.734
29655000,0.001,0,2022-11-06 15:27:55.734
29653000,0.1506,0,2022-11-06 15:27:55.734
29652000,0.1009,0,2022-11-06 15:27:55.734
29651000,0.0832,0,2022-11-06 15:27:55.734
29662000,0.7042,1,2022-11-06 15:27:55.734
29663000,0.0978,1,2022-11-06 15:27:55.734
29664000,0.0402,1,2022-11-06 15:27:55.734
29667000,0.103,1,2022-11-06 15:27:55.734
29668000,0.4731,1,2022-11-06 15:27:55.734
29660000,0.001,0,2022-11-06 15:27:56.777
29655000,0.001,0,2022-11-06 15:27:56.777
29653000,0.1506,0,2022-11-06 15:27:56.777
29652000,0.1009,0,2022-11-06 15:27:56.777
29651000,0.0832,0,2022-11-06 15:27:56.777
29662000,0.3031,1,2022-11-06 15:27:56.777
29663000,0.0978,1,2022-11-06 15:27:56.777
29664000,0.0402,1,2022-11-06 15:27:56.777
29667000,0.0478,1,2022-11-06 15:27:56.777
29668000,0.4731,1,2022-11-06 15:27:56.777
29660000,0.001,0,2022-11-06 15:27:58.734
29659000,0.0899,0,2022-11-06 15:27:58.734
29657000,0.0873,0,2022-11-06 15:27:58.734
29656000,0.1039,0,2022-11-06 15:27:58.734
29655000,0.1349,0,2022-11-06 15:27:58.734
29663000,0.0369,1,2022-11-06 15:27:58.734
29667000,0.1373,1,2022-11-06 15:27:58.734
29668000,0.4208,1,2022-11-06 15:27:58.734
29669000,0.0041,1,2022-11-06 15:27:58.734
29670000,0.0697,1,2022-11-06 15:27:58.734
29657000,0.0873,0,2022-11-06 15:27:59.694
29656000,0.1039,0,2022-11-06 15:27:59.694
29655000,0.1349,0,2022-11-06 15:27:59.694
29653000,0.089,0,2022-11-06 15:27:59.694
29652000,0.05,0,2022-11-06 15:27:59.694
29666000,0.0628,1,2022-11-06 15:27:59.694
29667000,0.1373,1,2022-11-06 15:27:59.694
29668000,0.4208,1,2022-11-06 15:27:59.694
29669000,0.0041,1,2022-11-06 15:27:59.694
29670000,0.1226,1,2022-11-06 15:27:59.694
29657000,0.0873,0,2022-11-06 15:28:00.746
29656000,0.1039,0,2022-11-06 15:28:00.746
29655000,0.1349,0,2022-11-06 15:28:00.746
29653000,0.089,0,2022-11-06 15:28:00.746
29652000,0.05,0,2022-11-06 15:28:00.746
29666000,0.0628,1,2022-11-06 15:28:00.746
29667000,0.1373,1,2022-11-06 15:28:00.746
29668000,0.4208,1,2022-11-06 15:28:00.746
29669000,0.0041,1,2022-11-06 15:28:00.746
29670000,0.1226,1,2022-11-06 15:28:00.746
29657000,0.0873,0,2022-11-06 15:28:01.617
29656000,0.1039,0,2022-11-06 15:28:01.617
29655000,0.1349,0,2022-11-06 15:28:01.617
29653000,0.089,0,2022-11-06 15:28:01.617
29652000,0.05,0,2022-11-06 15:28:01.617
29666000,0.0628,1,2022-11-06 15:28:01.617
29667000,0.1373,1,2022-11-06 15:28:01.617
29668000,0.4208,1,2022-11-06 15:28:01.617
29669000,0.0041,1,2022-11-06 15:28:01.617
29670000,0.1226,1,2022-11-06 15:28:01.617
29657000,0.0873,0,2022-11-06 15:28:02.735
29656000,0.1039,0,2022-11-06 15:28:02.735
29655000,0.1349,0,2022-11-06 15:28:02.735
29653000,0.089,0,2022-11-06 15:28:02.735
29652000,0.05,0,2022-11-06 15:28:02.735
29666000,0.0628,1,2022-11-06 15:28:02.735
29667000,0.1373,1,2022-11-06 15:28:02.735
29668000,0.4208,1,2022-11-06 15:28:02.735
29669000,0.0041,1,2022-11-06 15:28:02.735
29670000,0.1226,1,2022-11-06 15:28:02.735
29657000,0.0873,0,2022-11-06 15:28:03.732
29656000,0.1039,0,2022-11-06 15:28:03.732
29655000,0.1349,0,2022-11-06 15:28:03.732
29653000,0.089,0,2022-11-06 15:28:03.732
29652000,0.05,0,2022-11-06 15:28:03.732
29666000,0.0628,1,2022-11-06 15:28:03.732
29667000,0.1373,1,2022-11-06 15:28:03.732
29668000,0.4208,1,2022-11-06 15:28:03.732
29669000,0.0041,1,2022-11-06 15:28:03.732
29670000,0.1226,1,2022-11-06 15:28:03.732
29656000,0.1039,0,2022-11-06 15:28:04.831
29655000,0.0847,0,2022-11-06 15:28:04.831
29653000,0.1381,0,2022-11-06 15:28:04.831
29652000,0.05,0,2022-11-06 15:28:04.831
29651000,0.0833,0,2022-11-06 15:28:04.831
29664000,0.084,1,2022-11-06 15:28:04.831
29666000,0.0628,1,2022-11-06 15:28:04.831
29667000,0.1373,1,2022-11-06 15:28:04.831
29668000,0.4709,1,2022-11-06 15:28:04.831
29669000,0.0041,1,2022-11-06 15:28:04.831
29656000,0.1039,0,2022-11-06 15:28:05.724
29655000,0.0847,0,2022-11-06 15:28:05.724
29653000,0.1381,0,2022-11-06 15:28:05.724
29652000,0.05,0,2022-11-06 15:28:05.724
29651000,0.0833,0,2022-11-06 15:28:05.724
29664000,0.084,1,2022-11-06 15:28:05.724
29666000,0.0628,1,2022-11-06 15:28:05.724
29667000,0.1373,1,2022-11-06 15:28:05.724
29668000,0.4208,1,2022-11-06 15:28:05.724
29669000,0.0041,1,2022-11-06 15:28:05.724
29656000,0.1039,0,2022-11-06 15:28:06.673
29655000,0.0847,0,2022-11-06 15:28:06.673
29653000,0.1381,0,2022-11-06 15:28:06.673
29652000,0.05,0,2022-11-06 15:28:06.673
29651000,0.0833,0,2022-11-06 15:28:06.673
29666000,0.0628,1,2022-11-06 15:28:06.673
29667000,0.1373,1,2022-11-06 15:28:06.673
29668000,0.4208,1,2022-11-06 15:28:06.673
29669000,0.0549,1,2022-11-06 15:28:06.673
29670000,0.0697,1,2022-11-06 15:28:06.673
29656000,0.1039,0,2022-11-06 15:28:07.748
29655000,0.0847,0,2022-11-06 15:28:07.748
29653000,0.1381,0,2022-11-06 15:28:07.748
29652000,0.05,0,2022-11-06 15:28:07.748
29651000,0.0833,0,2022-11-06 15:28:07.748
29666000,0.0628,1,2022-11-06 15:28:07.748
29667000,0.1373,1,2022-11-06 15:28:07.748
29668000,0.4208,1,2022-11-06 15:28:07.748
29669000,0.0549,1,2022-11-06 15:28:07.748
29670000,0.7443,1,2022-11-06 15:28:07.748
29656000,0.1039,0,2022-11-06 15:28:08.742
29655000,0.0847,0,2022-11-06 15:28:08.742
29653000,0.1381,0,2022-11-06 15:28:08.742
29652000,0.05,0,2022-11-06 15:28:08.742
29651000,0.0833,0,2022-11-06 15:28:08.742
29666000,0.0628,1,2022-11-06 15:28:08.742
29667000,0.1373,1,2022-11-06 15:28:08.742
29668000,0.4208,1,2022-11-06 15:28:08.742
29669000,0.0549,1,2022-11-06 15:28:08.742
29670000,0.0697,1,2022-11-06 15:28:08.742
29656000,0.1039,0,2022-11-06 15:28:09.731
29655000,0.0847,0,2022-11-06 15:28:09.731
29653000,0.1381,0,2022-11-06 15:28:09.731
29652000,0.05,0,2022-11-06 15:28:09.731
29651000,0.0833,0,2022-11-06 15:28:09.731
29666000,0.0628,1,2022-11-06 15:28:09.731
29667000,0.1373,1,2022-11-06 15:28:09.731
29668000,0.4208,1,2022-11-06 15:28:09.731
29669000,0.0549,1,2022-11-06 15:28:09.731
29670000,0.0697,1,2022-11-06 15:28:09.731
29657000,0.0893,0,2022-11-06 15:28:10.657
29656000,0.1039,0,2022-11-06 15:28:10.657
29655000,0.0847,0,2022-11-06 15:28:10.657
29653000,0.1381,0,2022-11-06 15:28:10.657
29652000,0.05,0,2022-11-06 15:28:10.657
29666000,0.0628,1,2022-11-06 15:28:10.657
29667000,0.1373,1,2022-11-06 15:28:10.657
29668000,0.4208,1,2022-11-06 15:28:10.657
29669000,0.0549,1,2022-11-06 15:28:10.657
29670000,0.0697,1,2022-11-06 15:28:10.657
29657000,0.0893,0,2022-11-06 15:28:11.869
29656000,0.1039,0,2022-11-06 15:28:11.869
29655000,0.1341,0,2022-11-06 15:28:11.869
29653000,0.1381,0,2022-11-06 15:28:11.869
29652000,0.05,0,2022-11-06 15:28:11.869
29666000,0.0628,1,2022-11-06 15:28:11.869
29667000,0.1373,1,2022-11-06 15:28:11.869
29668000,0.4208,1,2022-11-06 15:28:11.869
29669000,0.0549,1,2022-11-06 15:28:11.869
29670000,0.0697,1,2022-11-06 15:28:11.869
29657000,0.0893,0,2022-11-06 15:28:12.754
29656000,0.1039,0,2022-11-06 15:28:12.754
29655000,0.1341,0,2022-11-06 15:28:12.754
29653000,0.1381,0,2022-11-06 15:28:12.754
29652000,0.05,0,2022-11-06 15:28:12.754
29666000,0.0628,1,2022-11-06 15:28:12.754
29667000,0.1373,1,2022-11-06 15:28:12.754
29668000,0.4208,1,2022-11-06 15:28:12.754
29669000,0.0549,1,2022-11-06 15:28:12.754
29670000,0.0697,1,2022-11-06 15:28:12.754
29657000,0.0893,0,2022-11-06 15:28:13.706
29656000,0.1039,0,2022-11-06 15:28:13.706
29655000,0.1341,0,2022-11-06 15:28:13.706
29653000,0.1381,0,2022-11-06 15:28:13.706
29652000,0.05,0,2022-11-06 15:28:13.706
29666000,0.0628,1,2022-11-06 15:28:13.706
29667000,0.1373,1,2022-11-06 15:28:13.706
29668000,0.4208,1,2022-11-06 15:28:13.706
29669000,0.0549,1,2022-11-06 15:28:13.706
29670000,0.0697,1,2022-11-06 15:28:13.706
29657000,0.0893,0,2022-11-06 15:28:14.666
29656000,0.1039,0,2022-11-06 15:28:14.666
29655000,0.1341,0,2022-11-06 15:28:14.666
29653000,0.1381,0,2022-11-06 15:28:14.666
29652000,0.05,0,2022-11-06 15:28:14.666
29666000,0.0628,1,2022-11-06 15:28:14.666
29667000,0.1373,1,2022-11-06 15:28:14.666
29668000,0.4208,1,2022-11-06 15:28:14.666
29669000,0.0549,1,2022-11-06 15:28:14.666
29670000,0.0697,1,2022-11-06 15:28:14.666
29657000,0.0893,0,2022-11-06 15:28:15.820
29656000,0.1039,0,2022-11-06 15:28:15.820
29655000,0.1341,0,2022-11-06 15:28:15.820
29653000,0.089,0,2022-11-06 15:28:15.820
29652000,0.05,0,2022-11-06 15:28:15.820
29666000,0.0628,1,2022-11-06 15:28:15.820
29667000,0.1373,1,2022-11-06 15:28:15.820
29668000,0.4208,1,2022-11-06 15:28:15.820
29669000,0.0041,1,2022-11-06 15:28:15.820
29670000,0.0697,1,2022-11-06 15:28:15.820
29657000,0.0893,0,2022-11-06 15:28:16.742
29656000,0.1039,0,2022-11-06 15:28:16.742
29655000,0.1341,0,2022-11-06 15:28:16.742
29653000,0.089,0,2022-11-06 15:28:16.742
29652000,0.05,0,2022-11-06 15:28:16.742
29666000,0.0628,1,2022-11-06 15:28:16.742
29667000,0.1373,1,2022-11-06 15:28:16.742
29668000,0.4208,1,2022-11-06 15:28:16.742
29669000,0.0041,1,2022-11-06 15:28:16.742
29670000,0.0697,1,2022-11-06 15:28:16.742
29657000,0.0689,0,2022-11-06 15:28:18.701
29656000,0.1039,0,2022-11-06 15:28:18.701
29655000,0.1341,0,2022-11-06 15:28:18.701
29653000,0.089,0,2022-11-06 15:28:18.701
29652000,0.05,0,2022-11-06 15:28:18.701
29666000,0.0628,1,2022-11-06 15:28:18.701
29667000,0.1373,1,2022-11-06 15:28:18.701
29668000,0.4208,1,2022-11-06 15:28:18.701
29669000,0.0041,1,2022-11-06 15:28:18.701
29670000,0.1209,1,2022-11-06 15:28:18.701
29657000,0.0689,0,2022-11-06 15:28:19.721
29656000,0.1039,0,2022-11-06 15:28:19.721
29655000,0.1341,0,2022-11-06 15:28:19.721
29653000,0.089,0,2022-11-06 15:28:19.721
29652000,0.05,0,2022-11-06 15:28:19.721
29666000,0.0628,1,2022-11-06 15:28:19.721
29667000,0.1373,1,2022-11-06 15:28:19.721
29668000,0.4208,1,2022-11-06 15:28:19.721
29669000,0.0041,1,2022-11-06 15:28:19.721
29670000,0.1209,1,2022-11-06 15:28:19.721
29657000,0.0689,0,2022-11-06 15:28:20.701
29656000,0.1039,0,2022-11-06 15:28:20.701
29655000,0.1341,0,2022-11-06 15:28:20.701
29653000,0.089,0,2022-11-06 15:28:20.701
29652000,0.05,0,2022-11-06 15:28:20.701
29666000,0.0628,1,2022-11-06 15:28:20.701
29667000,0.1373,1,2022-11-06 15:28:20.701
29668000,0.4208,1,2022-11-06 15:28:20.701
29669000,0.0041,1,2022-11-06 15:28:20.701
29670000,0.1209,1,2022-11-06 15:28:20.701
29657000,0.0689,0,2022-11-06 15:28:21.551
29656000,0.1039,0,2022-11-06 15:28:21.551
29655000,0.1341,0,2022-11-06 15:28:21.551
29653000,0.089,0,2022-11-06 15:28:21.551
29652000,0.05,0,2022-11-06 15:28:21.551
29666000,0.0628,1,2022-11-06 15:28:21.551
29667000,0.1373,1,2022-11-06 15:28:21.551
29668000,0.4208,1,2022-11-06 15:28:21.551
29669000,0.0041,1,2022-11-06 15:28:21.551
29670000,0.1209,1,2022-11-06 15:28:21.551
29657000,0.0689,0,2022-11-06 15:28:22.730
29656000,0.1039,0,2022-11-06 15:28:22.730
29655000,0.1341,0,2022-11-06 15:28:22.730
29653000,0.089,0,2022-11-06 15:28:22.730
29652000,0.05,0,2022-11-06 15:28:22.730
29666000,0.0628,1,2022-11-06 15:28:22.730
29667000,0.1373,1,2022-11-06 15:28:22.730
29668000,0.4208,1,2022-11-06 15:28:22.730
29669000,0.0041,1,2022-11-06 15:28:22.730
29670000,0.1209,1,2022-11-06 15:28:22.730
29657000,0.0689,0,2022-11-06 15:28:23.610
29656000,0.1039,0,2022-11-06 15:28:23.610
29655000,0.1341,0,2022-11-06 15:28:23.610
29653000,0.089,0,2022-11-06 15:28:23.610
29652000,0.05,0,2022-11-06 15:28:23.610
29666000,0.0628,1,2022-11-06 15:28:23.610
29667000,0.1373,1,2022-11-06 15:28:23.610
29668000,0.4208,1,2022-11-06 15:28:23.610
29669000,0.0041,1,2022-11-06 15:28:23.610
29670000,0.1209,1,2022-11-06 15:28:23.610
29657000,0.0689,0,2022-11-06 15:28:24.714
29656000,0.1039,0,2022-11-06 15:28:24.714
29655000,0.1341,0,2022-11-06 15:28:24.714
29653000,0.089,0,2022-11-06 15:28:24.714
29652000,0.05,0,2022-11-06 15:28:24.714
29666000,0.0628,1,2022-11-06 15:28:24.714
29667000,0.1373,1,2022-11-06 15:28:24.714
29668000,0.4208,1,2022-11-06 15:28:24.714
29669000,0.0041,1,2022-11-06 15:28:24.714
29670000,0.1209,1,2022-11-06 15:28:24.714
29657000,0.0689,0,2022-11-06 15:28:25.850
29656000,0.1039,0,2022-11-06 15:28:25.850
29655000,0.1341,0,2022-11-06 15:28:25.850
29653000,0.089,0,2022-11-06 15:28:25.850
29652000,0.05,0,2022-11-06 15:28:25.850
29660000,0.108,1,2022-11-06 15:28:25.850
29666000,0.0628,1,2022-11-06 15:28:25.850
29667000,0.1373,1,2022-11-06 15:28:25.850
29668000,0.4208,1,2022-11-06 15:28:25.850
29669000,0.0041,1,2022-11-06 15:28:25.850
29660000,0.0782,0,2022-11-06 15:28:26.677
29657000,0.0689,0,2022-11-06 15:28:26.677
29656000,0.1039,0,2022-11-06 15:28:26.677
29655000,0.0847,0,2022-11-06 15:28:26.677
29654000,0.0499,0,2022-11-06 15:28:26.677
29666000,0.0628,1,2022-11-06 15:28:26.677
29667000,0.1373,1,2022-11-06 15:28:26.677
29668000,0.4208,1,2022-11-06 15:28:26.677
29669000,0.055,1,2022-11-06 15:28:26.677
29670000,0.0697,1,2022-11-06 15:28:26.677
29660000,0.0782,0,2022-11-06 15:28:27.874
29656000,0.1039,0,2022-11-06 15:28:27.874
29655000,0.135,0,2022-11-06 15:28:27.874
29653000,0.089,0,2022-11-06 15:28:27.874
29652000,0.05,0,2022-11-06 15:28:27.874
29664000,0.0837,1,2022-11-06 15:28:27.874
29666000,0.0628,1,2022-11-06 15:28:27.874
29667000,0.1373,1,2022-11-06 15:28:27.874
29668000,0.4208,1,2022-11-06 15:28:27.874
29669000,0.0553,1,2022-11-06 15:28:27.874
29656000,0.1039,0,2022-11-06 15:28:28.776
29655000,0.135,0,2022-11-06 15:28:28.776
29653000,0.089,0,2022-11-06 15:28:28.776
29652000,0.05,0,2022-11-06 15:28:28.776
29651000,0.0833,0,2022-11-06 15:28:28.776
29666000,0.0628,1,2022-11-06 15:28:28.776
29667000,0.1373,1,2022-11-06 15:28:28.776
29668000,0.4208,1,2022-11-06 15:28:28.776
29669000,0.0553,1,2022-11-06 15:28:28.776
29670000,0.7445,1,2022-11-06 15:28:28.776
29656000,0.1039,0,2022-11-06 15:28:29.711
29655000,0.135,0,2022-11-06 15:28:29.711
29653000,0.089,0,2022-11-06 15:28:29.711
29652000,0.05,0,2022-11-06 15:28:29.711
29651000,0.0833,0,2022-11-06 15:28:29.711
29666000,0.0628,1,2022-11-06 15:28:29.711
29667000,0.1373,1,2022-11-06 15:28:29.711
29668000,0.4208,1,2022-11-06 15:28:29.711
29669000,0.0553,1,2022-11-06 15:28:29.711
29670000,0.0697,1,2022-11-06 15:28:29.711
29656000,0.1039,0,2022-11-06 15:28:31.718
29655000,0.135,0,2022-11-06 15:28:31.718
29653000,0.089,0,2022-11-06 15:28:31.718
29652000,0.05,0,2022-11-06 15:28:31.718
29651000,0.052,0,2022-11-06 15:28:31.718
29666000,0.0627663,1,2022-11-06 15:28:31.718
29667000,0.1373,1,2022-11-06 15:28:31.718
29668000,0.4208,1,2022-11-06 15:28:31.718
29669000,0.0553,1,2022-11-06 15:28:31.718
29670000,0.0697,1,2022-11-06 15:28:31.718
29656000,0.1039,0,2022-11-06 15:28:32.713
29655000,0.135,0,2022-11-06 15:28:32.713
29653000,0.089,0,2022-11-06 15:28:32.713
29652000,0.05,0,2022-11-06 15:28:32.713
29651000,0.052,0,2022-11-06 15:28:32.713
29666000,0.0627663,1,2022-11-06 15:28:32.713
29667000,0.1373,1,2022-11-06 15:28:32.713
29668000,0.4208,1,2022-11-06 15:28:32.713
29669000,0.0553,1,2022-11-06 15:28:32.713
29670000,0.0697,1,2022-11-06 15:28:32.713
29656000,0.1039,0,2022-11-06 15:28:33.614
29655000,0.135,0,2022-11-06 15:28:33.614
29653000,0.089,0,2022-11-06 15:28:33.614
29652000,0.05,0,2022-11-06 15:28:33.614
29651000,0.052,0,2022-11-06 15:28:33.614
29666000,0.0627663,1,2022-11-06 15:28:33.614
29667000,0.1373,1,2022-11-06 15:28:33.614
29668000,0.4208,1,2022-11-06 15:28:33.614
29669000,0.0553,1,2022-11-06 15:28:33.614
29670000,0.0697,1,2022-11-06 15:28:33.614
29656000,0.1039,0,2022-11-06 15:28:34.685
29655000,0.135,0,2022-11-06 15:28:34.685
29653000,0.089,0,2022-11-06 15:28:34.685
29652000,0.05,0,2022-11-06 15:28:34.685
29651000,0.052,0,2022-11-06 15:28:34.685
29666000,0.0627663,1,2022-11-06 15:28:34.685
29667000,0.1373,1,2022-11-06 15:28:34.685
29668000,0.4208,1,2022-11-06 15:28:34.685
29669000,0.0553,1,2022-11-06 15:28:34.685
29670000,0.7445,1,2022-11-06 15:28:34.685
29656000,0.0646,0,2022-11-06 15:28:35.668
29655000,0.135,0,2022-11-06 15:28:35.668
29653000,0.089,0,2022-11-06 15:28:35.668
29652000,0.05,0,2022-11-06 15:28:35.668
29651000,0.052,0,2022-11-06 15:28:35.668
29664000,0.088,1,2022-11-06 15:28:35.668
29666000,0.0627663,1,2022-11-06 15:28:35.668
29667000,0.1766,1,2022-11-06 15:28:35.668
29668000,0.4208,1,2022-11-06 15:28:35.668
29669000,0.0553,1,2022-11-06 15:28:35.668
29656000,0.0533,0,2022-11-06 15:28:36.763
29655000,0.0847,0,2022-11-06 15:28:36.763
29654000,0.0384,0,2022-11-06 15:28:36.763
29653000,0.1389,0,2022-11-06 15:28:36.763
29652000,0.05,0,2022-11-06 15:28:36.763
29664000,0.088,1,2022-11-06 15:28:36.763
29666000,0.0627663,1,2022-11-06 15:28:36.763
29667000,0.1766,1,2022-11-06 15:28:36.763
29668000,0.4208,1,2022-11-06 15:28:36.763
29669000,0.0553,1,2022-11-06 15:28:36.763
29656000,0.0533,0,2022-11-06 15:28:37.592
29655000,0.0847,0,2022-11-06 15:28:37.592
29654000,0.0384,0,2022-11-06 15:28:37.592
29653000,0.1389,0,2022-11-06 15:28:37.592
29652000,0.05,0,2022-11-06 15:28:37.592
29664000,0.088,1,2022-11-06 15:28:37.592
29666000,0.0627663,1,2022-11-06 15:28:37.592
29667000,0.1766,1,2022-11-06 15:28:37.592
29668000,0.4208,1,2022-11-06 15:28:37.592
29669000,0.0553,1,2022-11-06 15:28:37.592
29656000,0.0002,0,2022-11-06 15:28:38.705
29655000,0.0847,0,2022-11-06 15:28:38.705
29654000,0.0384,0,2022-11-06 15:28:38.705
29653000,0.1389,0,2022-11-06 15:28:38.705
29652000,0.05,0,2022-11-06 15:28:38.705
29664000,0.088,1,2022-11-06 15:28:38.705
29666000,0.0627663,1,2022-11-06 15:28:38.705
29667000,0.1766,1,2022-11-06 15:28:38.705
29668000,0.4208,1,2022-11-06 15:28:38.705
29669000,0.0553,1,2022-11-06 15:28:38.705
29656000,0.0002,0,2022-11-06 15:28:39.661
29655000,0.0847,0,2022-11-06 15:28:39.661
29654000,0.0384,0,2022-11-06 15:28:39.661
29653000,0.1389,0,2022-11-06 15:28:39.661
29652000,0.05,0,2022-11-06 15:28:39.661
29664000,0.088,1,2022-11-06 15:28:39.661
29666000,0.0627663,1,2022-11-06 15:28:39.661
29667000,0.1766,1,2022-11-06 15:28:39.661
29668000,0.4208,1,2022-11-06 15:28:39.661
29669000,0.0553,1,2022-11-06 15:28:39.661
29655000,0.0786,0,2022-11-06 15:28:40.773
29654000,0.0384,0,2022-11-06 15:28:40.773
29653000,0.1389,0,2022-11-06 15:28:40.773
29652000,0.05,0,2022-11-06 15:28:40.773
29651000,0.052,0,2022-11-06 15:28:40.773
29664000,0.088,1,2022-11-06 15:28:40.773
29666000,0.0627663,1,2022-11-06 15:28:40.773
29667000,0.1766,1,2022-11-06 15:28:40.773
29668000,0.4208,1,2022-11-06 15:28:40.773
29669000,0.0553,1,2022-11-06 15:28:40.773
29656000,0.0872,0,2022-11-06 15:28:41.741
29655000,0.1289,0,2022-11-06 15:28:41.741
29654000,0.0384,0,2022-11-06 15:28:41.741
29653000,0.089,0,2022-11-06 15:28:41.741
29652000,0.05,0,2022-11-06 15:28:41.741
29666000,0.0627663,1,2022-11-06 15:28:41.741
29667000,0.0478,1,2022-11-06 15:28:41.741
29668000,0.4208,1,2022-11-06 15:28:41.741
29669000,0.0041,1,2022-11-06 15:28:41.741
29670000,0.7062,1,2022-11-06 15:28:41.741
29658000,0.0825,0,2022-11-06 15:28:42.766
29657000,0.0852,0,2022-11-06 15:28:42.766
29656000,0.0872,0,2022-11-06 15:28:42.766
29655000,0.0786,0,2022-11-06 15:28:42.766
29654000,0.0268,0,2022-11-06 15:28:42.766
29667000,0.0478,1,2022-11-06 15:28:42.766
29669000,0.1563,1,2022-11-06 15:28:42.766
29670000,0.0314,1,2022-11-06 15:28:42.766
29672000,0.1245,1,2022-11-06 15:28:42.766
29673000,0.0485,1,2022-11-06 15:28:42.766
