price,quantity,type,timestamp
29083000,0.0264,0,2022-11-07 22:28:01.620
29082000,0.5415,0,2022-11-07 22:28:01.620
29081000,0.1353,0,2022-11-07 22:28:01.620
29080000,0.0862,0,2022-11-07 22:28:01.620
29077000,0.1169,0,2022-11-07 22:28:01.620
29091000,0.0273,1,2022-11-07 22:28:01.620
29092000,0.063,1,2022-11-07 22:28:01.620
29093000,0.1209,1,2022-11-07 22:28:01.620
29096000,0.0388,1,2022-11-07 22:28:01.620
29097000,0.6,1,2022-11-07 22:28:01.620
29083000,0.0264,0,2022-11-07 22:28:02.464
29082000,0.5415,0,2022-11-07 22:28:02.464
29081000,0.1353,0,2022-11-07 22:28:02.464
29080000,0.0862,0,2022-11-07 22:28:02.464
29077000,0.1169,0,2022-11-07 22:28:02.464
29091000,0.0273,1,2022-11-07 22:28:02.464
29092000,0.063,1,2022-11-07 22:28:02.464
29093000,0.1209,1,2022-11-07 22:28:02.464
29096000,0.0388,1,2022-11-07 22:28:02.464
29097000,0.6,1,2022-11-07 22:28:02.464
29083000,0.0225,0,2022-11-07 22:28:03.720
29082000,0.5035,0,2022-11-07 22:28:03.720
29081000,0.1353,0,2022-11-07 22:28:03.720
29080000,0.0862,0,2022-11-07 22:28:03.720
29079000,0.0409,0,2022-11-07 22:28:03.720
29091000,0.0273,1,2022-11-07 22:28:03.720
29092000,0.063,1,2022-11-07 22:28:03.720
29093000,0.1599,1,2022-11-07 22:28:03.720
29098000,0.6527,1,2022-11-07 22:28:03.720
29099000,0.1973,1,2022-11-07 22:28:03.720
29081000,0.0859,0,2022-11-07 22:28:05.430
29079000,0.0606,0,2022-11-07 22:28:05.430
29078000,0.0528,0,2022-11-07 22:28:05.430
29077000,0.1169,0,2022-11-07 22:28:05.430
29076000,0.0383,0,2022-11-07 22:28:05.430
29089000,0.0643,1,2022-11-07 22:28:05.430
29090000,0.1217,1,2022-11-07 22:28:05.430
29091000,0.1315,1,2022-11-07 22:28:05.430
29092000,0.0525,1,2022-11-07 22:28:05.430
29093000,0.1209,1,2022-11-07 22:28:05.430
29081000,0.0305,0,2022-11-07 22:28:06.477
29079000,0.0606,0,2022-11-07 22:28:06.477
29078000,0.0528,0,2022-11-07 22:28:06.477
29077000,0.1169,0,2022-11-07 22:28:06.477
29076000,0.0383,0,2022-11-07 22:28:06.477
29089000,0.0643,1,2022-11-07 22:28:06.477
29090000,0.1217,1,2022-11-07 22:28:06.477
29091000,0.1315,1,2022-11-07 22:28:06.477
29092000,0.0525,1,2022-11-07 22:28:06.477
29093000,0.1209,1,2022-11-07 22:28:06.477
29081000,0.0305,0,2022-11-07 22:28:07.638
29079000,0.0606,0,2022-11-07 22:28:07.638
29078000,0.0528,0,2022-11-07 22:28:07.638
29077000,0.1169,0,2022-11-07 22:28:07.638
29076000,0.0383,0,2022-11-07 22:28:07.638
29087000,0.0833,1,2022-11-07 22:28:07.638
29089000,0.0643,1,2022-11-07 22:28:07.638
29090000,0.1217,1,2022-11-07 22:28:07.638
29091000,0.1315,1,2022-11-07 22:28:07.638
29092000,0.0525,1,2022-11-07 22:28:07.638
29081000,0.0305,0,2022-11-07 22:28:09.457
29080000,0.1395,0,2022-11-07 22:28:09.457
29079000,0.0606,0,2022-11-07 22:28:09.457
29078000,0.0528,0,2022-11-07 22:28:09.457
29077000,0.1169,0,2022-11-07 22:28:09.457
29089000,0.0643,1,2022-11-07 22:28:09.457
29090000,0.1217,1,2022-11-07 22:28:09.457
29091000,0.1315,1,2022-11-07 22:28:09.457
29092000,0.0525,1,2022-11-07 22:28:09.457
29093000,0.0322,1,2022-11-07 22:28:09.457
29081000,0.0305,0,2022-11-07 22:28:10.631
29080000,0.1395,0,2022-11-07 22:28:10.631
29079000,0.0606,0,2022-11-07 22:28:10.631
29078000,0.0528,0,2022-11-07 22:28:10.631
29077000,0.1169,0,2022-11-07 22:28:10.631
29089000,0.0643,1,2022-11-07 22:28:10.631
29090000,0.1217,1,2022-11-07 22:28:10.631
29091000,0.1315,1,2022-11-07 22:28:10.631
29092000,0.0525,1,2022-11-07 22:28:10.631
29093000,0.0322,1,2022-11-07 22:28:10.631
29081000,0.0085,0,2022-11-07 22:28:12.431
29080000,0.087,0,2022-11-07 22:28:12.431
29079000,0.0606,0,2022-11-07 22:28:12.431
29078000,0.022,0,2022-11-07 22:28:12.431
29077000,0.1169,0,2022-11-07 22:28:12.431
29089000,0.0531,1,2022-11-07 22:28:12.431
29090000,0.1217,1,2022-11-07 22:28:12.431
29091000,0.1315,1,2022-11-07 22:28:12.431
29092000,0.0525,1,2022-11-07 22:28:12.431
29093000,0.0322,1,2022-11-07 22:28:12.431
29081000,0.0085,0,2022-11-07 22:28:13.541
29080000,0.087,0,2022-11-07 22:28:13.541
29079000,0.0606,0,2022-11-07 22:28:13.541
29078000,0.022,0,2022-11-07 22:28:13.541
29077000,0.1169,0,2022-11-07 22:28:13.541
29089000,0.0531,1,2022-11-07 22:28:13.541
29090000,0.1217,1,2022-11-07 22:28:13.541
29091000,0.1315,1,2022-11-07 22:28:13.541
29092000,0.0525,1,2022-11-07 22:28:13.541
29093000,0.0322,1,2022-11-07 22:28:13.541
29081000,0.0014,0,2022-11-07 22:28:14.466
29079000,0.0606,0,2022-11-07 22:28:14.466
29078000,0.022,0,2022-11-07 22:28:14.466
29077000,0.1169,0,2022-11-07 22:28:14.466
29076000,0.0383,0,2022-11-07 22:28:14.466
29088000,0.0833,1,2022-11-07 22:28:14.466
29089000,0.0531,1,2022-11-07 22:28:14.466
29090000,0.1217,1,2022-11-07 22:28:14.466
29091000,0.1315,1,2022-11-07 22:28:14.466
29092000,0.0525,1,2022-11-07 22:28:14.466
29081000,0.0855,0,2022-11-07 22:28:16.555
29079000,0.196,0,2022-11-07 22:28:16.555
29078000,0.0725,0,2022-11-07 22:28:16.555
29077000,0.1246,0,2022-11-07 22:28:16.555
29076000,0.0383,0,2022-11-07 22:28:16.555
29089000,0.0616,1,2022-11-07 22:28:16.555
29091000,0.1411,1,2022-11-07 22:28:16.555
29092000,0.0525,1,2022-11-07 22:28:16.555
29093000,0.0709,1,2022-11-07 22:28:16.555
29095000,0.0964,1,2022-11-07 22:28:16.555
29079000,0.196,0,2022-11-07 22:28:17.565
29078000,0.022,0,2022-11-07 22:28:17.565
29077000,0.1246,0,2022-11-07 22:28:17.565
29076000,0.0383,0,2022-11-07 22:28:17.565
29075000,0.0875,0,2022-11-07 22:28:17.565
29089000,0.0616,1,2022-11-07 22:28:17.565
29091000,0.1411,1,2022-11-07 22:28:17.565
29092000,0.0525,1,2022-11-07 22:28:17.565
29093000,0.0709,1,2022-11-07 22:28:17.565
29095000,0.0501,1,2022-11-07 22:28:17.565
29079000,0.196,0,2022-11-07 22:28:18.657
29078000,0.022,0,2022-11-07 22:28:18.657
29077000,0.1246,0,2022-11-07 22:28:18.657
29076000,0.0383,0,2022-11-07 22:28:18.657
29075000,0.0875,0,2022-11-07 22:28:18.657
29089000,0.0616,1,2022-11-07 22:28:18.657
29091000,0.1411,1,2022-11-07 22:28:18.657
29092000,0.0525,1,2022-11-07 22:28:18.657
29093000,0.0709,1,2022-11-07 22:28:18.657
29095000,0.0501,1,2022-11-07 22:28:18.657
29079000,0.196,0,2022-11-07 22:28:20.587
29078000,0.062,0,2022-11-07 22:28:20.587
29077000,0.1246,0,2022-11-07 22:28:20.587
29076000,0.0383,0,2022-11-07 22:28:20.587
29075000,0.0875,0,2022-11-07 22:28:20.587
29089000,0.0616,1,2022-11-07 22:28:20.587
29091000,0.1411,1,2022-11-07 22:28:20.587
29092000,0.0525,1,2022-11-07 22:28:20.587
29093000,0.0709,1,2022-11-07 22:28:20.587
29095000,0.0501,1,2022-11-07 22:28:20.587
29079000,0.196,0,2022-11-07 22:28:21.624
29078000,0.062,0,2022-11-07 22:28:21.624
29077000,0.1246,0,2022-11-07 22:28:21.624
29076000,0.0383,0,2022-11-07 22:28:21.624
29075000,0.1362,0,2022-11-07 22:28:21.624
29089000,0.0616,1,2022-11-07 22:28:21.624
29091000,0.1411,1,2022-11-07 22:28:21.624
29092000,0.0525,1,2022-11-07 22:28:21.624
29093000,0.0709,1,2022-11-07 22:28:21.624
29095000,0.0501,1,2022-11-07 22:28:21.624
29082000,0.0896,0,2022-11-07 22:28:23.491
29080000,0.034,0,2022-11-07 22:28:23.491
29079000,0.1662,0,2022-11-07 22:28:23.491
29078000,0.062,0,2022-11-07 22:28:23.491
29077000,0.1246,0,2022-11-07 22:28:23.491
29089000,0.0616,1,2022-11-07 22:28:23.491
29091000,0.1411,1,2022-11-07 22:28:23.491
29092000,0.0525,1,2022-11-07 22:28:23.491
29093000,0.0322,1,2022-11-07 22:28:23.491
29095000,0.0501,1,2022-11-07 22:28:23.491
29082000,0.1177,0,2022-11-07 22:28:24.604
29081000,0.0391,0,2022-11-07 22:28:24.604
29080000,0.0888,0,2022-11-07 22:28:24.604
29079000,0.1662,0,2022-11-07 22:28:24.604
29078000,0.062,0,2022-11-07 22:28:24.604
29089000,0.0535,1,2022-11-07 22:28:24.604
29091000,0.0878,1,2022-11-07 22:28:24.604
29093000,0.0322,1,2022-11-07 22:28:24.604
29095000,0.0904,1,2022-11-07 22:28:24.604
29097000,0.236,1,2022-11-07 22:28:24.604
29084000,0.0855,0,2022-11-07 22:28:25.419
29082000,0.1177,0,2022-11-07 22:28:25.419
29081000,0.5019,0,2022-11-07 22:28:25.419
29080000,0.138,0,2022-11-07 22:28:25.419
29079000,0.1662,0,2022-11-07 22:28:25.419
29089000,0.0535,1,2022-11-07 22:28:25.419
29093000,0.0322,1,2022-11-07 22:28:25.419
29097000,0.236,1,2022-11-07 22:28:25.419
29098000,0.7587,1,2022-11-07 22:28:25.419
29099000,0.1715,1,2022-11-07 22:28:25.419
29085000,0.0576,0,2022-11-07 22:28:27.481
29084000,0.1265,0,2022-11-07 22:28:27.481
29082000,0.0896,0,2022-11-07 22:28:27.481
29081000,0.5126,0,2022-11-07 22:28:27.481
29080000,0.104,0,2022-11-07 22:28:27.481
29093000,0.0947,1,2022-11-07 22:28:27.481
29094000,0.0895,1,2022-11-07 22:28:27.481
29097000,0.2873,1,2022-11-07 22:28:27.481
29098000,0.0717,1,2022-11-07 22:28:27.481
29099000,0.107,1,2022-11-07 22:28:27.481
29085000,0.0339,0,2022-11-07 22:28:28.663
29084000,0.1265,0,2022-11-07 22:28:28.663
29082000,0.0896,0,2022-11-07 22:28:28.663
29081000,0.5126,0,2022-11-07 22:28:28.663
29080000,0.104,0,2022-11-07 22:28:28.663
29093000,0.0947,1,2022-11-07 22:28:28.663
29094000,0.0895,1,2022-11-07 22:28:28.663
29097000,0.2873,1,2022-11-07 22:28:28.663
29098000,0.7587,1,2022-11-07 22:28:28.663
29099000,0.107,1,2022-11-07 22:28:28.663
29085000,0.0277,0,2022-11-07 22:28:30.487
29084000,0.1265,0,2022-11-07 22:28:30.487
29082000,0.0896,0,2022-11-07 22:28:30.487
29081000,0.5126,0,2022-11-07 22:28:30.487
29080000,0.0548,0,2022-11-07 22:28:30.487
29093000,0.0947,1,2022-11-07 22:28:30.487
29094000,0.0895,1,2022-11-07 22:28:30.487
29097000,0.2873,1,2022-11-07 22:28:30.487
29098000,0.7587,1,2022-11-07 22:28:30.487
29099000,0.107,1,2022-11-07 22:28:30.487
29085000,0.0277,0,2022-11-07 22:28:31.697
29084000,0.1265,0,2022-11-07 22:28:31.697
29083000,0.0275,0,2022-11-07 22:28:31.697
29082000,0.0896,0,2022-11-07 22:28:31.697
29081000,0.5126,0,2022-11-07 22:28:31.697
29093000,0.0947,1,2022-11-07 22:28:31.697
29094000,0.0895,1,2022-11-07 22:28:31.697
29097000,0.2873,1,2022-11-07 22:28:31.697
29098000,0.7587,1,2022-11-07 22:28:31.697
29099000,0.107,1,2022-11-07 22:28:31.697
29085000,0.0238,0,2022-11-07 22:28:32.453
29084000,0.1265,0,2022-11-07 22:28:32.453
29083000,0.0767,0,2022-11-07 22:28:32.453
29082000,0.0896,0,2022-11-07 22:28:32.453
29081000,0.4628,0,2022-11-07 22:28:32.453
29093000,0.0947,1,2022-11-07 22:28:32.453
29094000,0.0895,1,2022-11-07 22:28:32.453
29097000,0.236,1,2022-11-07 22:28:32.453
29098000,0.8101,1,2022-11-07 22:28:32.453
29099000,0.107,1,2022-11-07 22:28:32.453
29083000,0.0275,0,2022-11-07 22:28:34.592
29082000,0.0896,0,2022-11-07 22:28:34.592
29081000,0.5152,0,2022-11-07 22:28:34.592
29080000,0.0934,0,2022-11-07 22:28:34.592
29079000,0.0841,0,2022-11-07 22:28:34.592
29085000,0.0238,1,2022-11-07 22:28:34.592
29092000,0.0852,1,2022-11-07 22:28:34.592
29093000,0.0947,1,2022-11-07 22:28:34.592
29094000,0.0895,1,2022-11-07 22:28:34.592
29095000,0.0408,1,2022-11-07 22:28:34.592
29084000,0.0872,0,2022-11-07 22:28:35.510
29083000,0.0775,0,2022-11-07 22:28:35.510
29082000,0.0896,0,2022-11-07 22:28:35.510
29081000,0.5487,0,2022-11-07 22:28:35.510
29080000,0.0934,0,2022-11-07 22:28:35.510
29085000,0.0238,1,2022-11-07 22:28:35.510
29090000,0.0634,1,2022-11-07 22:28:35.510
29092000,0.0852,1,2022-11-07 22:28:35.510
29093000,0.0947,1,2022-11-07 22:28:35.510
29094000,0.0895,1,2022-11-07 22:28:35.510
29082000,0.0896,0,2022-11-07 22:28:36.522
29081000,0.4963,0,2022-11-07 22:28:36.522
29080000,0.0934,0,2022-11-07 22:28:36.522
29079000,0.0841,0,2022-11-07 22:28:36.522
29078000,0.022,0,2022-11-07 22:28:36.522
29084000,0.0292,1,2022-11-07 22:28:36.522
29085000,0.0238,1,2022-11-07 22:28:36.522
29090000,0.0634,1,2022-11-07 22:28:36.522
29092000,0.0852,1,2022-11-07 22:28:36.522
29093000,0.0322,1,2022-11-07 22:28:36.522
29085000,0.0309,0,2022-11-07 22:28:40.512
29084000,0.0866,0,2022-11-07 22:28:40.512
29083000,0.0275,0,2022-11-07 22:28:40.512
29082000,0.1276,0,2022-11-07 22:28:40.512
29081000,0.5489,0,2022-11-07 22:28:40.512
29090000,0.0634,1,2022-11-07 22:28:40.512
29092000,0.0852,1,2022-11-07 22:28:40.512
29093000,0.0322,1,2022-11-07 22:28:40.512
29094000,0.0895,1,2022-11-07 22:28:40.512
29096000,0.0525,1,2022-11-07 22:28:40.512
29086000,0.0282,0,2022-11-07 22:28:46.514
29085000,0.0403,0,2022-11-07 22:28:46.514
29084000,0.1718,0,2022-11-07 22:28:46.514
29083000,0.0275,0,2022-11-07 22:28:46.514
29082000,0.0896,0,2022-11-07 22:28:46.514
29093000,0.0796,1,2022-11-07 22:28:46.514
29094000,0.0858,1,2022-11-07 22:28:46.514
29096000,0.0844,1,2022-11-07 22:28:46.514
29097000,0.236,1,2022-11-07 22:28:46.514
29098000,0.7205,1,2022-11-07 22:28:46.514
29087000,0.0602,0,2022-11-07 22:28:51.594
29086000,0.1178,0,2022-11-07 22:28:51.594
29085000,0.0403,0,2022-11-07 22:28:51.594
29084000,0.0866,0,2022-11-07 22:28:51.594
29082000,0.0896,0,2022-11-07 22:28:51.594
29096000,0.1489,1,2022-11-07 22:28:51.594
29097000,0.236,1,2022-11-07 22:28:51.594
29098000,0.0334,1,2022-11-07 22:28:51.594
29099000,0.107,1,2022-11-07 22:28:51.594
29100000,0.4301,1,2022-11-07 22:28:51.594
29088000,0.054,0,2022-11-07 22:28:53.457
29087000,0.0602,0,2022-11-07 22:28:53.457
29086000,0.0896,0,2022-11-07 22:28:53.457
29085000,0.0403,0,2022-11-07 22:28:53.457
29084000,0.0866,0,2022-11-07 22:28:53.457
29096000,0.1489,1,2022-11-07 22:28:53.457
29097000,0.236,1,2022-11-07 22:28:53.457
29098000,0.0334,1,2022-11-07 22:28:53.457
29099000,0.794,1,2022-11-07 22:28:53.457
29100000,0.4301,1,2022-11-07 22:28:53.457
29088000,0.054,0,2022-11-07 22:28:54.406
29087000,0.0602,0,2022-11-07 22:28:54.406
29086000,0.0896,0,2022-11-07 22:28:54.406
29085000,0.0403,0,2022-11-07 22:28:54.406
29084000,0.0866,0,2022-11-07 22:28:54.406
29096000,0.1489,1,2022-11-07 22:28:54.406
29097000,0.236,1,2022-11-07 22:28:54.406
29098000,0.0334,1,2022-11-07 22:28:54.406
29099000,0.794,1,2022-11-07 22:28:54.406
29100000,0.4301,1,2022-11-07 22:28:54.406
29088000,0.054,0,2022-11-07 22:28:56.571
29087000,0.0602,0,2022-11-07 22:28:56.571
29086000,0.0896,0,2022-11-07 22:28:56.571
29085000,0.0407,0,2022-11-07 22:28:56.571
29084000,0.0866,0,2022-11-07 22:28:56.571
29096000,0.1489,1,2022-11-07 22:28:56.571
29097000,0.236,1,2022-11-07 22:28:56.571
29098000,0.0334,1,2022-11-07 22:28:56.571
29099000,0.794,1,2022-11-07 22:28:56.571
29100000,0.4301,1,2022-11-07 22:28:56.571
29088000,0.0401,0,2022-11-07 22:28:57.596
29087000,0.0602,0,2022-11-07 22:28:57.596
29086000,0.0896,0,2022-11-07 22:28:57.596
29085000,0.0407,0,2022-11-07 22:28:57.596
29084000,0.0866,0,2022-11-07 22:28:57.596
29096000,0.1489,1,2022-11-07 22:28:57.596
29097000,0.236,1,2022-11-07 22:28:57.596
29098000,0.0334,1,2022-11-07 22:28:57.596
29099000,0.107,1,2022-11-07 22:28:57.596
29100000,0.4301,1,2022-11-07 22:28:57.596
29090000,0.0879,0,2022-11-07 22:28:58.577
29089000,0.1597,0,2022-11-07 22:28:58.577
29088000,0.4777,0,2022-11-07 22:28:58.577
29087000,0.0602,0,2022-11-07 22:28:58.577
29086000,0.1428,0,2022-11-07 22:28:58.577
29097000,0.236,1,2022-11-07 22:28:58.577
29099000,0.0538,1,2022-11-07 22:28:58.577
29100000,0.0825,1,2022-11-07 22:28:58.577
29106000,0.12,1,2022-11-07 22:28:58.577
29107000,0.3756,1,2022-11-07 22:28:58.577
29092000,0.0637,0,2022-11-07 22:29:00.577
29091000,0.0891,0,2022-11-07 22:29:00.577
29090000,0.1376,0,2022-11-07 22:29:00.577
29088000,0.4568,0,2022-11-07 22:29:00.577
29086000,0.1428,0,2022-11-07 22:29:00.577
29097000,0.236,1,2022-11-07 22:29:00.577
29099000,0.0538,1,2022-11-07 22:29:00.577
29100000,0.0672,1,2022-11-07 22:29:00.577
29101000,0.0517,1,2022-11-07 22:29:00.577
29102000,0.1001,1,2022-11-07 22:29:00.577
29092000,0.0637,0,2022-11-07 22:29:01.603
29090000,0.0497,0,2022-11-07 22:29:01.603
29088000,0.4963,0,2022-11-07 22:29:01.603
29086000,0.1428,0,2022-11-07 22:29:01.603
29085000,0.0004,0,2022-11-07 22:29:01.603
29098000,0.084,1,2022-11-07 22:29:01.603
29099000,0.0538,1,2022-11-07 22:29:01.603
29100000,0.0672,1,2022-11-07 22:29:01.603
29101000,0.0517,1,2022-11-07 22:29:01.603
29102000,0.1001,1,2022-11-07 22:29:01.603
29089000,0.0497,0,2022-11-07 22:29:03.474
29088000,0.4963,0,2022-11-07 22:29:03.474
29086000,0.1428,0,2022-11-07 22:29:03.474
29085000,0.0004,0,2022-11-07 22:29:03.474
29081000,0.4632,0,2022-11-07 22:29:03.474
29092000,0.02,1,2022-11-07 22:29:03.474
29097000,0.084,1,2022-11-07 22:29:03.474
29098000,0.084,1,2022-11-07 22:29:03.474
29099000,0.0538,1,2022-11-07 22:29:03.474
29100000,0.1312,1,2022-11-07 22:29:03.474
29089000,0.0894,0,2022-11-07 22:29:04.545
29088000,0.4568,0,2022-11-07 22:29:04.545
29087000,0.0645,0,2022-11-07 22:29:04.545
29086000,0.2619,0,2022-11-07 22:29:04.545
29085000,0.0004,0,2022-11-07 22:29:04.545
29096000,0.0613,1,2022-11-07 22:29:04.545
29098000,0.084,1,2022-11-07 22:29:04.545
29099000,0.0538,1,2022-11-07 22:29:04.545
29100000,0.1076,1,2022-11-07 22:29:04.545
29101000,0.0517,1,2022-11-07 22:29:04.545
29089000,0.0894,0,2022-11-07 22:29:05.510
29088000,0.4568,0,2022-11-07 22:29:05.510
29087000,0.1148,0,2022-11-07 22:29:05.510
29086000,0.2123,0,2022-11-07 22:29:05.510
29085000,0.0004,0,2022-11-07 22:29:05.510
29096000,0.0613,1,2022-11-07 22:29:05.510
29098000,0.084,1,2022-11-07 22:29:05.510
29099000,0.0538,1,2022-11-07 22:29:05.510
29100000,0.1076,1,2022-11-07 22:29:05.510
29101000,0.0517,1,2022-11-07 22:29:05.510
29089000,0.05,0,2022-11-07 22:29:07.514
29088000,0.4568,0,2022-11-07 22:29:07.514
29087000,0.1148,0,2022-11-07 22:29:07.514
29086000,0.2123,0,2022-11-07 22:29:07.514
29085000,0.0008,0,2022-11-07 22:29:07.514
29096000,0.0613,1,2022-11-07 22:29:07.514
29098000,0.084,1,2022-11-07 22:29:07.514
29099000,0.0538,1,2022-11-07 22:29:07.514
29100000,0.1076,1,2022-11-07 22:29:07.514
29101000,0.0517,1,2022-11-07 22:29:07.514
29088000,0.4568,0,2022-11-07 22:29:08.609
29087000,0.1148,0,2022-11-07 22:29:08.609
29086000,0.2123,0,2022-11-07 22:29:08.609
29085000,0.0008,0,2022-11-07 22:29:08.609
29081000,0.4632,0,2022-11-07 22:29:08.609
29096000,0.0613,1,2022-11-07 22:29:08.609
29098000,0.084,1,2022-11-07 22:29:08.609
29099000,0.0538,1,2022-11-07 22:29:08.609
29100000,0.1076,1,2022-11-07 22:29:08.609
29101000,0.0517,1,2022-11-07 22:29:08.609
29088000,0.4568,0,2022-11-07 22:29:09.574
29087000,0.1148,0,2022-11-07 22:29:09.574
29086000,0.2123,0,2022-11-07 22:29:09.574
29085000,0.0008,0,2022-11-07 22:29:09.574
29081000,0.4632,0,2022-11-07 22:29:09.574
29096000,0.0613,1,2022-11-07 22:29:09.574
29098000,0.084,1,2022-11-07 22:29:09.574
29099000,0.0538,1,2022-11-07 22:29:09.574
29100000,0.1076,1,2022-11-07 22:29:09.574
29101000,0.0517,1,2022-11-07 22:29:09.574
29088000,0.5426,0,2022-11-07 22:29:11.612
29087000,0.1148,0,2022-11-07 22:29:11.612
29086000,0.2123,0,2022-11-07 22:29:11.612
29085000,0.0008,0,2022-11-07 22:29:11.612
29082000,0.6,0,2022-11-07 22:29:11.612
29096000,0.0077,1,2022-11-07 22:29:11.612
29098000,0.084,1,2022-11-07 22:29:11.612
29099000,0.0538,1,2022-11-07 22:29:11.612
29100000,0.1076,1,2022-11-07 22:29:11.612
29101000,0.0517,1,2022-11-07 22:29:11.612
29088000,0.543,0,2022-11-07 22:29:12.519
29087000,0.1148,0,2022-11-07 22:29:12.519
29086000,0.2123,0,2022-11-07 22:29:12.519
29085000,0.0008,0,2022-11-07 22:29:12.519
29081000,0.4632,0,2022-11-07 22:29:12.519
29097000,0.0527,1,2022-11-07 22:29:12.519
29098000,0.084,1,2022-11-07 22:29:12.519
29099000,0.0538,1,2022-11-07 22:29:12.519
29100000,0.1076,1,2022-11-07 22:29:12.519
29101000,0.0517,1,2022-11-07 22:29:12.519
29088000,0.543,0,2022-11-07 22:29:13.484
29087000,0.1148,0,2022-11-07 22:29:13.484
29086000,0.2123,0,2022-11-07 22:29:13.484
29085000,0.0008,0,2022-11-07 22:29:13.484
29081000,0.4632,0,2022-11-07 22:29:13.484
29097000,0.0527,1,2022-11-07 22:29:13.484
29098000,0.084,1,2022-11-07 22:29:13.484
29099000,0.0538,1,2022-11-07 22:29:13.484
29100000,0.1076,1,2022-11-07 22:29:13.484
29101000,0.0517,1,2022-11-07 22:29:13.484
29088000,0.5127,0,2022-11-07 22:29:15.479
29087000,0.0645,0,2022-11-07 22:29:15.479
29086000,0.2123,0,2022-11-07 22:29:15.479
29085000,0.4649,0,2022-11-07 22:29:15.479
29081000,0.4632,0,2022-11-07 22:29:15.479
29097000,0.0527,1,2022-11-07 22:29:15.479
29098000,0.084,1,2022-11-07 22:29:15.479
29099000,0.0538,1,2022-11-07 22:29:15.479
29100000,0.1076,1,2022-11-07 22:29:15.479
29101000,0.0517,1,2022-11-07 22:29:15.479
29088000,0.2975,0,2022-11-07 22:29:16.488
29087000,0.0645,0,2022-11-07 22:29:16.488
29086000,0.2619,0,2022-11-07 22:29:16.488
29085000,0.4649,0,2022-11-07 22:29:16.488
29081000,0.4632,0,2022-11-07 22:29:16.488
29096000,0.0855,1,2022-11-07 22:29:16.488
29097000,0.0527,1,2022-11-07 22:29:16.488
29098000,0.084,1,2022-11-07 22:29:16.488
29099000,0.0538,1,2022-11-07 22:29:16.488
29100000,0.1076,1,2022-11-07 22:29:16.488
29088000,0.2975,0,2022-11-07 22:29:17.422
29087000,0.0645,0,2022-11-07 22:29:17.422
29086000,0.2619,0,2022-11-07 22:29:17.422
29085000,0.4649,0,2022-11-07 22:29:17.422
29081000,0.4632,0,2022-11-07 22:29:17.422
29096000,0.0855,1,2022-11-07 22:29:17.422
29097000,0.0527,1,2022-11-07 22:29:17.422
29098000,0.084,1,2022-11-07 22:29:17.422
29099000,0.0538,1,2022-11-07 22:29:17.422
29100000,0.1076,1,2022-11-07 22:29:17.422
29088000,0.2827,0,2022-11-07 22:29:19.426
29087000,0.0645,0,2022-11-07 22:29:19.426
29086000,0.2234,0,2022-11-07 22:29:19.426
29085000,0.4649,0,2022-11-07 22:29:19.426
29084000,0.0387,0,2022-11-07 22:29:19.426
29096000,0.0855,1,2022-11-07 22:29:19.426
29097000,0.0527,1,2022-11-07 22:29:19.426
29098000,0.084,1,2022-11-07 22:29:19.426
29099000,0.0538,1,2022-11-07 22:29:19.426
29100000,0.1076,1,2022-11-07 22:29:19.426
29088000,0.2768,0,2022-11-07 22:29:20.508
29087000,0.0645,0,2022-11-07 22:29:20.508
29086000,0.2234,0,2022-11-07 22:29:20.508
29085000,0.4649,0,2022-11-07 22:29:20.508
29084000,0.0387,0,2022-11-07 22:29:20.508
29096000,0.0855,1,2022-11-07 22:29:20.508
29097000,0.0527,1,2022-11-07 22:29:20.508
29098000,0.084,1,2022-11-07 22:29:20.508
29099000,0.0538,1,2022-11-07 22:29:20.508
29100000,0.1076,1,2022-11-07 22:29:20.508
29088000,0.3288,0,2022-11-07 22:29:22.511
29087000,0.0645,0,2022-11-07 22:29:22.511
29086000,0.2234,0,2022-11-07 22:29:22.511
29085000,0.4649,0,2022-11-07 22:29:22.511
29084000,0.0387,0,2022-11-07 22:29:22.511
29096000,0.0855,1,2022-11-07 22:29:22.511
29097000,0.0527,1,2022-11-07 22:29:22.511
29098000,0.084,1,2022-11-07 22:29:22.511
29099000,0.0538,1,2022-11-07 22:29:22.511
29100000,0.1076,1,2022-11-07 22:29:22.511
29088000,0.3288,0,2022-11-07 22:29:23.662
29087000,0.0645,0,2022-11-07 22:29:23.662
29086000,0.2234,0,2022-11-07 22:29:23.662
29085000,0.4649,0,2022-11-07 22:29:23.662
29084000,0.0387,0,2022-11-07 22:29:23.662
29097000,0.0527,1,2022-11-07 22:29:23.662
29098000,0.084,1,2022-11-07 22:29:23.662
29099000,0.0538,1,2022-11-07 22:29:23.662
29100000,0.1076,1,2022-11-07 22:29:23.662
29101000,0.0517,1,2022-11-07 22:29:23.662
29090000,0.0398,0,2022-11-07 22:29:24.547
29088000,0.3288,0,2022-11-07 22:29:24.547
29087000,0.1047,0,2022-11-07 22:29:24.547
29086000,0.2234,0,2022-11-07 22:29:24.547
29085000,0.4649,0,2022-11-07 22:29:24.547
29097000,0.0527,1,2022-11-07 22:29:24.547
29099000,0.0538,1,2022-11-07 22:29:24.547
29100000,0.0672,1,2022-11-07 22:29:24.547
29101000,0.0914,1,2022-11-07 22:29:24.547
29102000,0.0881,1,2022-11-07 22:29:24.547
29088000,0.3288,0,2022-11-07 22:29:26.460
29087000,0.1047,0,2022-11-07 22:29:26.460
29086000,0.2234,0,2022-11-07 22:29:26.460
29085000,0.4649,0,2022-11-07 22:29:26.460
29081000,0.4632,0,2022-11-07 22:29:26.460
29097000,0.0527,1,2022-11-07 22:29:26.460
29098000,0.0884,1,2022-11-07 22:29:26.460
29099000,0.0538,1,2022-11-07 22:29:26.460
29100000,0.0672,1,2022-11-07 22:29:26.460
29101000,0.0914,1,2022-11-07 22:29:26.460
29088000,0.3288,0,2022-11-07 22:29:27.509
29087000,0.1047,0,2022-11-07 22:29:27.509
29086000,0.2234,0,2022-11-07 22:29:27.509
29085000,0.4649,0,2022-11-07 22:29:27.509
29081000,0.4632,0,2022-11-07 22:29:27.509
29097000,0.0527,1,2022-11-07 22:29:27.509
29098000,0.0884,1,2022-11-07 22:29:27.509
29099000,0.0538,1,2022-11-07 22:29:27.509
29100000,0.0672,1,2022-11-07 22:29:27.509
29101000,0.0914,1,2022-11-07 22:29:27.509
29090000,0.0883,0,2022-11-07 22:29:28.606
29088000,0.3288,0,2022-11-07 22:29:28.606
29087000,0.1047,0,2022-11-07 22:29:28.606
29086000,0.2234,0,2022-11-07 22:29:28.606
29085000,0.4649,0,2022-11-07 22:29:28.606
29097000,0.0527,1,2022-11-07 22:29:28.606
29098000,0.0884,1,2022-11-07 22:29:28.606
29099000,0.0538,1,2022-11-07 22:29:28.606
29100000,0.0672,1,2022-11-07 22:29:28.606
29101000,0.0914,1,2022-11-07 22:29:28.606
29090000,0.0742,0,2022-11-07 22:29:30.444
29088000,0.3288,0,2022-11-07 22:29:30.444
29087000,0.1569,0,2022-11-07 22:29:30.444
29086000,0.1738,0,2022-11-07 22:29:30.444
29085000,0.4649,0,2022-11-07 22:29:30.444
29097000,0.0527,1,2022-11-07 22:29:30.444
29098000,0.0884,1,2022-11-07 22:29:30.444
29099000,0.0538,1,2022-11-07 22:29:30.444
29100000,0.0672,1,2022-11-07 22:29:30.444
29101000,0.0914,1,2022-11-07 22:29:30.444
29090000,0.0742,0,2022-11-07 22:29:31.601
29089000,0.0407,0,2022-11-07 22:29:31.601
29088000,0.3288,0,2022-11-07 22:29:31.601
29087000,0.1569,0,2022-11-07 22:29:31.601
29086000,0.1738,0,2022-11-07 22:29:31.601
29097000,0.0527,1,2022-11-07 22:29:31.601
29099000,0.0538,1,2022-11-07 22:29:31.601
29100000,0.0672,1,2022-11-07 22:29:31.601
29101000,0.0517,1,2022-11-07 22:29:31.601
29102000,0.0372,1,2022-11-07 22:29:31.601
29090000,0.0742,0,2022-11-07 22:29:32.709
29089000,0.0407,0,2022-11-07 22:29:32.709
29088000,0.3288,0,2022-11-07 22:29:32.709
29087000,0.1167,0,2022-11-07 22:29:32.709
29086000,0.1738,0,2022-11-07 22:29:32.709
29097000,0.0527,1,2022-11-07 22:29:32.709
29099000,0.0538,1,2022-11-07 22:29:32.709
29100000,0.0672,1,2022-11-07 22:29:32.709
29101000,0.0517,1,2022-11-07 22:29:32.709
29102000,0.0372,1,2022-11-07 22:29:32.709
29090000,0.1345,0,2022-11-07 22:29:34.464
29089000,0.0919,0,2022-11-07 22:29:34.464
29088000,0.542,0,2022-11-07 22:29:34.464
29086000,0.1738,0,2022-11-07 22:29:34.464
29085000,0.4649,0,2022-11-07 22:29:34.464
29099000,0.0538,1,2022-11-07 22:29:34.464
29100000,0.1277,1,2022-11-07 22:29:34.464
29101000,0.0517,1,2022-11-07 22:29:34.464
29102000,0.0372,1,2022-11-07 22:29:34.464
29104000,0.0402,1,2022-11-07 22:29:34.464
29090000,0.1345,0,2022-11-07 22:29:35.475
29089000,0.0919,0,2022-11-07 22:29:35.475
29088000,0.542,0,2022-11-07 22:29:35.475
29086000,0.1738,0,2022-11-07 22:29:35.475
29085000,0.4649,0,2022-11-07 22:29:35.475
29099000,0.0538,1,2022-11-07 22:29:35.475
29100000,0.1277,1,2022-11-07 22:29:35.475
29101000,0.0517,1,2022-11-07 22:29:35.475
29102000,0.0372,1,2022-11-07 22:29:35.475
29104000,0.0402,1,2022-11-07 22:29:35.475
29097000,0.45,0,2022-11-07 22:29:36.489
29090000,0.1345,0,2022-11-07 22:29:36.489
29089000,0.0919,0,2022-11-07 22:29:36.489
29088000,0.542,0,2022-11-07 22:29:36.489
29086000,0.1738,0,2022-11-07 22:29:36.489
29099000,0.0538,1,2022-11-07 22:29:36.489
29100000,0.1277,1,2022-11-07 22:29:36.489
29101000,0.0517,1,2022-11-07 22:29:36.489
29102000,0.0372,1,2022-11-07 22:29:36.489
29104000,0.0402,1,2022-11-07 22:29:36.489
29097000,0.3599,0,2022-11-07 22:29:37.508
29093000,0.0604,0,2022-11-07 22:29:37.508
29092000,0.1294,0,2022-11-07 22:29:37.508
29091000,0.0495,0,2022-11-07 22:29:37.508
29090000,0.1345,0,2022-11-07 22:29:37.508
29100000,0.0913,1,2022-11-07 22:29:37.508
29102000,0.0372,1,2022-11-07 22:29:37.508
29106000,0.2915,1,2022-11-07 22:29:37.508
29107000,0.4291,1,2022-11-07 22:29:37.508
29108000,0.0393,1,2022-11-07 22:29:37.508
29097000,0.3399,0,2022-11-07 22:29:39.674
29093000,0.0604,0,2022-11-07 22:29:39.674
29092000,0.1416,0,2022-11-07 22:29:39.674
29090000,0.0742,0,2022-11-07 22:29:39.674
29088000,0.542,0,2022-11-07 22:29:39.674
29100000,0.0308,1,2022-11-07 22:29:39.674
29102000,0.0866,1,2022-11-07 22:29:39.674
29103000,0.0604,1,2022-11-07 22:29:39.674
29104000,0.0503,1,2022-11-07 22:29:39.674
29106000,0.2915,1,2022-11-07 22:29:39.674
29097000,0.3399,0,2022-11-07 22:29:40.500
29093000,0.0604,0,2022-11-07 22:29:40.500
29092000,0.1416,0,2022-11-07 22:29:40.500
29090000,0.0742,0,2022-11-07 22:29:40.500
29088000,0.542,0,2022-11-07 22:29:40.500
29100000,0.0308,1,2022-11-07 22:29:40.500
29102000,0.0866,1,2022-11-07 22:29:40.500
29103000,0.0604,1,2022-11-07 22:29:40.500
29104000,0.0503,1,2022-11-07 22:29:40.500
29106000,0.2915,1,2022-11-07 22:29:40.500
29097000,0.1395,0,2022-11-07 22:29:42.516
29093000,0.0604,0,2022-11-07 22:29:42.516
29092000,0.1817,0,2022-11-07 22:29:42.516
29090000,0.0742,0,2022-11-07 22:29:42.516
29088000,0.542,0,2022-11-07 22:29:42.516
29100000,0.0308,1,2022-11-07 22:29:42.516
29102000,0.0866,1,2022-11-07 22:29:42.516
29103000,0.0604,1,2022-11-07 22:29:42.516
29104000,0.0503,1,2022-11-07 22:29:42.516
29106000,0.2915,1,2022-11-07 22:29:42.516
29097000,0.1395,0,2022-11-07 22:29:43.476
29095000,0.1741,0,2022-11-07 22:29:43.476
29093000,0.0916,0,2022-11-07 22:29:43.476
29092000,0.1817,0,2022-11-07 22:29:43.476
29090000,0.0742,0,2022-11-07 22:29:43.476
29103000,0.0604,1,2022-11-07 22:29:43.476
29106000,0.329,1,2022-11-07 22:29:43.476
29107000,0.4291,1,2022-11-07 22:29:43.476
29108000,0.0393,1,2022-11-07 22:29:43.476
29109000,0.0779,1,2022-11-07 22:29:43.476
29097000,0.2238,0,2022-11-07 22:29:44.474
29095000,0.2388,0,2022-11-07 22:29:44.474
29093000,0.0916,0,2022-11-07 22:29:44.474
29092000,0.1425,0,2022-11-07 22:29:44.474
29090000,0.0742,0,2022-11-07 22:29:44.474
29106000,0.3754,1,2022-11-07 22:29:44.474
29107000,0.4291,1,2022-11-07 22:29:44.474
29109000,0.0779,1,2022-11-07 22:29:44.474
29111000,0.0491,1,2022-11-07 22:29:44.474
29112000,0.1029,1,2022-11-07 22:29:44.474
29097000,0.0984,0,2022-11-07 22:29:46.603
29095000,0.1529,0,2022-11-07 22:29:46.603
29093000,0.0312,0,2022-11-07 22:29:46.603
29092000,0.1425,0,2022-11-07 22:29:46.603
29090000,0.0742,0,2022-11-07 22:29:46.603
29103000,0.0887,1,2022-11-07 22:29:46.603
29104000,0.0635,1,2022-11-07 22:29:46.603
29106000,0.3754,1,2022-11-07 22:29:46.603
29107000,0.4291,1,2022-11-07 22:29:46.603
29109000,0.0779,1,2022-11-07 22:29:46.603
29095000,0.0647,0,2022-11-07 22:29:47.535
29093000,0.0312,0,2022-11-07 22:29:47.535
29092000,0.1425,0,2022-11-07 22:29:47.535
29090000,0.0742,0,2022-11-07 22:29:47.535
29088000,0.4571,0,2022-11-07 22:29:47.535
29097000,0.031,1,2022-11-07 22:29:47.535
29102000,0.0855,1,2022-11-07 22:29:47.535
29103000,0.0887,1,2022-11-07 22:29:47.535
29104000,0.0635,1,2022-11-07 22:29:47.535
29106000,0.3754,1,2022-11-07 22:29:47.535
29093000,0.0964,0,2022-11-07 22:29:48.452
29092000,0.1953,0,2022-11-07 22:29:48.452
29090000,0.1651,0,2022-11-07 22:29:48.452
29088000,0.4571,0,2022-11-07 22:29:48.452
29086000,0.0842,0,2022-11-07 22:29:48.452
29097000,0.031,1,2022-11-07 22:29:48.452
29101000,0.0607,1,2022-11-07 22:29:48.452
29102000,0.0855,1,2022-11-07 22:29:48.452
29103000,0.1209,1,2022-11-07 22:29:48.452
29104000,0.0409,1,2022-11-07 22:29:48.452
29093000,0.0964,0,2022-11-07 22:29:49.443
29092000,0.1425,0,2022-11-07 22:29:49.443
29090000,0.1651,0,2022-11-07 22:29:49.443
29088000,0.4571,0,2022-11-07 22:29:49.443
29086000,0.0842,0,2022-11-07 22:29:49.443
29101000,0.0607,1,2022-11-07 22:29:49.443
29102000,0.0855,1,2022-11-07 22:29:49.443
29103000,0.1209,1,2022-11-07 22:29:49.443
29104000,0.0409,1,2022-11-07 22:29:49.443
29106000,0.3754,1,2022-11-07 22:29:49.443
29088000,0.4571,0,2022-11-07 22:29:51.568
29087000,0.1384,0,2022-11-07 22:29:51.568
29086000,0.0842,0,2022-11-07 22:29:51.568
29085000,0.5052,0,2022-11-07 22:29:51.568
29081000,0.4632,0,2022-11-07 22:29:51.568
29098000,0.0623,1,2022-11-07 22:29:51.568
29099000,0.0877,1,2022-11-07 22:29:51.568
29100000,0.1357,1,2022-11-07 22:29:51.568
29101000,0.1007,1,2022-11-07 22:29:51.568
29102000,0.0855,1,2022-11-07 22:29:51.568
29089000,0.0845,0,2022-11-07 22:29:52.530
29088000,0.5193,0,2022-11-07 22:29:52.530
29087000,0.1384,0,2022-11-07 22:29:52.530
29086000,0.0842,0,2022-11-07 22:29:52.530
29085000,0.5052,0,2022-11-07 22:29:52.530
29098000,0.0623,1,2022-11-07 22:29:52.530
29099000,0.0877,1,2022-11-07 22:29:52.530
29100000,0.1357,1,2022-11-07 22:29:52.530
29101000,0.04,1,2022-11-07 22:29:52.530
29102000,0.0855,1,2022-11-07 22:29:52.530
29089000,0.0845,0,2022-11-07 22:29:54.429
29088000,0.558,0,2022-11-07 22:29:54.429
29087000,0.1384,0,2022-11-07 22:29:54.429
29086000,0.0842,0,2022-11-07 22:29:54.429
29085000,0.5052,0,2022-11-07 22:29:54.429
29098000,0.0568,1,2022-11-07 22:29:54.429
29099000,0.0877,1,2022-11-07 22:29:54.429
29100000,0.1357,1,2022-11-07 22:29:54.429
29101000,0.04,1,2022-11-07 22:29:54.429
29103000,0.1728,1,2022-11-07 22:29:54.429
29089000,0.0845,0,2022-11-07 22:29:55.463
29088000,0.558,0,2022-11-07 22:29:55.463
29087000,0.1384,0,2022-11-07 22:29:55.463
29086000,0.0842,0,2022-11-07 22:29:55.463
29085000,0.5052,0,2022-11-07 22:29:55.463
29098000,0.0568,1,2022-11-07 22:29:55.463
29099000,0.0877,1,2022-11-07 22:29:55.463
29100000,0.1357,1,2022-11-07 22:29:55.463
29101000,0.04,1,2022-11-07 22:29:55.463
29103000,0.1728,1,2022-11-07 22:29:55.463
29089000,0.0705,0,2022-11-07 22:29:57.457
29088000,0.558,0,2022-11-07 22:29:57.457
29087000,0.1384,0,2022-11-07 22:29:57.457
29086000,0.0842,0,2022-11-07 22:29:57.457
29085000,0.4649,0,2022-11-07 22:29:57.457
29098000,0.0568,1,2022-11-07 22:29:57.457
29099000,0.0877,1,2022-11-07 22:29:57.457
29100000,0.1357,1,2022-11-07 22:29:57.457
29101000,0.04,1,2022-11-07 22:29:57.457
29103000,0.1728,1,2022-11-07 22:29:57.457
29089000,0.0456,0,2022-11-07 22:29:58.581
29088000,0.558,0,2022-11-07 22:29:58.581
29087000,0.1384,0,2022-11-07 22:29:58.581
29086000,0.0842,0,2022-11-07 22:29:58.581
29085000,0.4649,0,2022-11-07 22:29:58.581
29098000,0.0568,1,2022-11-07 22:29:58.581
29099000,0.0877,1,2022-11-07 22:29:58.581
29100000,0.1357,1,2022-11-07 22:29:58.581
29101000,0.04,1,2022-11-07 22:29:58.581
29103000,0.1728,1,2022-11-07 22:29:58.581
29089000,0.0456,0,2022-11-07 22:30:00.510
29088000,0.558,0,2022-11-07 22:30:00.510
29087000,0.1384,0,2022-11-07 22:30:00.510
29086000,0.0842,0,2022-11-07 22:30:00.510
29085000,0.4649,0,2022-11-07 22:30:00.510
29098000,0.0568,1,2022-11-07 22:30:00.510
29099000,0.0877,1,2022-11-07 22:30:00.510
29100000,0.1357,1,2022-11-07 22:30:00.510
29101000,0.04,1,2022-11-07 22:30:00.510
29103000,0.1728,1,2022-11-07 22:30:00.510
29088000,0.1565,0,2022-11-07 22:30:02.493
29087000,0.1384,0,2022-11-07 22:30:02.493
29086000,0.0842,0,2022-11-07 22:30:02.493
29085000,0.4649,0,2022-11-07 22:30:02.493
29081000,0.4632,0,2022-11-07 22:30:02.493
29098000,0.0568,1,2022-11-07 22:30:02.493
29099000,0.0877,1,2022-11-07 22:30:02.493
29100000,0.1357,1,2022-11-07 22:30:02.493
29101000,0.04,1,2022-11-07 22:30:02.493
29103000,0.1728,1,2022-11-07 22:30:02.493
29088000,0.1565,0,2022-11-07 22:30:03.561
29087000,0.1384,0,2022-11-07 22:30:03.561
29086000,0.0842,0,2022-11-07 22:30:03.561
29085000,0.4699,0,2022-11-07 22:30:03.561
29081000,0.4632,0,2022-11-07 22:30:03.561
29098000,0.0568,1,2022-11-07 22:30:03.561
29099000,0.0877,1,2022-11-07 22:30:03.561
29100000,0.1357,1,2022-11-07 22:30:03.561
29101000,0.04,1,2022-11-07 22:30:03.561
29103000,0.1728,1,2022-11-07 22:30:03.561
29086000,0.1196,0,2022-11-07 22:30:06.543
29085000,0.6046,0,2022-11-07 22:30:06.543
29084000,0.0383,0,2022-11-07 22:30:06.543
29081000,0.4632,0,2022-11-07 22:30:06.543
29080000,0.2069,0,2022-11-07 22:30:06.543
29095000,0.0606,1,2022-11-07 22:30:06.543
29096000,0.0835,1,2022-11-07 22:30:06.543
29097000,0.0886,1,2022-11-07 22:30:06.543
29099000,0.1273,1,2022-11-07 22:30:06.543
29100000,0.1357,1,2022-11-07 22:30:06.543
29088000,0.0001,0,2022-11-07 22:30:15.592
29086000,0.0842,0,2022-11-07 22:30:15.592
29085000,0.6143,0,2022-11-07 22:30:15.592
29084000,0.0384,0,2022-11-07 22:30:15.592
29081000,0.4632,0,2022-11-07 22:30:15.592
29096000,0.0927,1,2022-11-07 22:30:15.592
29097000,0.0877,1,2022-11-07 22:30:15.592
29098000,0.0867,1,2022-11-07 22:30:15.592
29099000,0.1272,1,2022-11-07 22:30:15.592
29100000,0.0481,1,2022-11-07 22:30:15.592
29087000,0.0846,0,2022-11-07 22:30:25.429
29086000,0.115,0,2022-11-07 22:30:25.429
29085000,0.6638,0,2022-11-07 22:30:25.429
29081000,0.4632,0,2022-11-07 22:30:25.429
29080000,0.2069,0,2022-11-07 22:30:25.429
29096000,0.0927,1,2022-11-07 22:30:25.429
29098000,0.0867,1,2022-11-07 22:30:25.429
29099000,0.0395,1,2022-11-07 22:30:25.429
29100000,0.0998,1,2022-11-07 22:30:25.429
29101000,0.4111,1,2022-11-07 22:30:25.429
29087000,0.1979,0,2022-11-07 22:30:29.580
29086000,0.115,0,2022-11-07 22:30:29.580
29085000,0.5535,0,2022-11-07 22:30:29.580
29081000,0.4632,0,2022-11-07 22:30:29.580
29080000,0.2069,0,2022-11-07 22:30:29.580
29096000,0.07395044,1,2022-11-07 22:30:29.580
29097000,0.0167,1,2022-11-07 22:30:29.580
29098000,0.0867,1,2022-11-07 22:30:29.580
29100000,0.0481,1,2022-11-07 22:30:29.580
29101000,0.4111,1,2022-11-07 22:30:29.580
29088000,0.0894,0,2022-11-07 22:30:32.593
29087000,0.1489,0,2022-11-07 22:30:32.593
29086000,0.0747,0,2022-11-07 22:30:32.593
29085000,0.5535,0,2022-11-07 22:30:32.593
29081000,0.4632,0,2022-11-07 22:30:32.593
29096000,5.044e-05,1,2022-11-07 22:30:32.593
29097000,0.0609,1,2022-11-07 22:30:32.593
29098000,0.0867,1,2022-11-07 22:30:32.593
29100000,0.0481,1,2022-11-07 22:30:32.593
29101000,0.4111,1,2022-11-07 22:30:32.593
29097000,4.956e-05,0,2022-11-07 22:30:35.495
29092000,0.0636,0,2022-11-07 22:30:35.495
29091000,0.0888,0,2022-11-07 22:30:35.495
29090000,0.0612,0,2022-11-07 22:30:35.495
29089000,0.3757,0,2022-11-07 22:30:35.495
29098000,0.0867,1,2022-11-07 22:30:35.495
29100000,0.0481,1,2022-11-07 22:30:35.495
29101000,0.1167,1,2022-11-07 22:30:35.495
29103000,0.0322,1,2022-11-07 22:30:35.495
29106000,0.3516,1,2022-11-07 22:30:35.495
29092000,0.0636,0,2022-11-07 22:30:36.483
29091000,0.0888,0,2022-11-07 22:30:36.483
29090000,0.1458,0,2022-11-07 22:30:36.483
29089000,0.3757,0,2022-11-07 22:30:36.483
29088000,0.0513,0,2022-11-07 22:30:36.483
29097000,0.00755044,1,2022-11-07 22:30:36.483
29100000,0.0481,1,2022-11-07 22:30:36.483
29101000,0.1167,1,2022-11-07 22:30:36.483
29103000,0.0322,1,2022-11-07 22:30:36.483
29106000,0.2915,1,2022-11-07 22:30:36.483
29098000,0.02084956,0,2022-11-07 22:30:37.553
29092000,0.0636,0,2022-11-07 22:30:37.553
29091000,0.0384,0,2022-11-07 22:30:37.553
29090000,0.1344,0,2022-11-07 22:30:37.553
29089000,0.3757,0,2022-11-07 22:30:37.553
29100000,0.0481,1,2022-11-07 22:30:37.553
29101000,0.2043,1,2022-11-07 22:30:37.553
29103000,0.0322,1,2022-11-07 22:30:37.553
29106000,0.3813,1,2022-11-07 22:30:37.553
29107000,0.4936,1,2022-11-07 22:30:37.553
29095000,0.0613,0,2022-11-07 22:30:39.463
29092000,0.0501,0,2022-11-07 22:30:39.463
29091000,0.0384,0,2022-11-07 22:30:39.463
29090000,0.0846,0,2022-11-07 22:30:39.463
29089000,0.3757,0,2022-11-07 22:30:39.463
29096000,0.08025044,1,2022-11-07 22:30:39.463
29100000,0.0481,1,2022-11-07 22:30:39.463
29101000,0.1398,1,2022-11-07 22:30:39.463
29103000,0.0959,1,2022-11-07 22:30:39.463
29106000,1.018,1,2022-11-07 22:30:39.463
29103000,0.0226,0,2022-11-07 22:30:41.623
29098000,0.1584,0,2022-11-07 22:30:41.623
29097000,0.2382,0,2022-11-07 22:30:41.623
29096000,0.3826,0,2022-11-07 22:30:41.623
29095000,0.0892,0,2022-11-07 22:30:41.623
29106000,0.9229,1,2022-11-07 22:30:41.623
29109000,0.0952,1,2022-11-07 22:30:41.623
29111000,0.6869,1,2022-11-07 22:30:41.623
29112000,0.415,1,2022-11-07 22:30:41.623
29116000,0.0988,1,2022-11-07 22:30:41.623
29104000,0.0381,0,2022-11-07 22:30:43.514
29103000,0.0841,0,2022-11-07 22:30:43.514
29102000,0.135,0,2022-11-07 22:30:43.514
29100000,0.0508,0,2022-11-07 22:30:43.514
29099000,0.1142,0,2022-11-07 22:30:43.514
29106000,0.6874,1,2022-11-07 22:30:43.514
29109000,0.0305,1,2022-11-07 22:30:43.514
29111000,0.7743,1,2022-11-07 22:30:43.514
29112000,0.4776,1,2022-11-07 22:30:43.514
29117000,0.0479,1,2022-11-07 22:30:43.514
29104000,0.0381,0,2022-11-07 22:30:44.481
29103000,0.0841,0,2022-11-07 22:30:44.481
29102000,0.084,0,2022-11-07 22:30:44.481
29100000,0.0508,0,2022-11-07 22:30:44.481
29099000,0.1142,0,2022-11-07 22:30:44.481
29106000,0.5552,1,2022-11-07 22:30:44.481
29109000,0.0305,1,2022-11-07 22:30:44.481
29111000,0.7743,1,2022-11-07 22:30:44.481
29112000,0.4776,1,2022-11-07 22:30:44.481
29116000,0.05,1,2022-11-07 22:30:44.481
29104000,0.0381,0,2022-11-07 22:30:45.596
29103000,0.0841,0,2022-11-07 22:30:45.596
29102000,0.084,0,2022-11-07 22:30:45.596
29100000,0.0508,0,2022-11-07 22:30:45.596
29099000,0.1142,0,2022-11-07 22:30:45.596
29106000,0.5448,1,2022-11-07 22:30:45.596
29109000,0.0305,1,2022-11-07 22:30:45.596
29111000,0.7743,1,2022-11-07 22:30:45.596
29112000,0.4776,1,2022-11-07 22:30:45.596
29116000,0.7369,1,2022-11-07 22:30:45.596
29104000,0.0328,0,2022-11-07 22:30:47.452
29103000,0.0841,0,2022-11-07 22:30:47.452
29100000,0.0508,0,2022-11-07 22:30:47.452
29099000,0.1142,0,2022-11-07 22:30:47.452
29097000,0.0888,0,2022-11-07 22:30:47.452
29106000,0.5448,1,2022-11-07 22:30:47.452
29109000,0.0305,1,2022-11-07 22:30:47.452
29111000,0.7743,1,2022-11-07 22:30:47.452
29112000,0.4776,1,2022-11-07 22:30:47.452
29116000,0.05,1,2022-11-07 22:30:47.452
29104000,0.0328,0,2022-11-07 22:30:48.302
29103000,0.0841,0,2022-11-07 22:30:48.302
29100000,0.0508,0,2022-11-07 22:30:48.302
29099000,0.1142,0,2022-11-07 22:30:48.302
29097000,0.0888,0,2022-11-07 22:30:48.302
29106000,0.5448,1,2022-11-07 22:30:48.302
29109000,0.0305,1,2022-11-07 22:30:48.302
29111000,0.7743,1,2022-11-07 22:30:48.302
29112000,0.4776,1,2022-11-07 22:30:48.302
29116000,0.05,1,2022-11-07 22:30:48.302
29104000,0.0328,0,2022-11-07 22:30:49.668
29103000,0.0841,0,2022-11-07 22:30:49.668
29100000,0.0508,0,2022-11-07 22:30:49.668
29099000,0.1142,0,2022-11-07 22:30:49.668
29097000,0.0888,0,2022-11-07 22:30:49.668
29106000,0.4029,1,2022-11-07 22:30:49.668
29108000,0.0843,1,2022-11-07 22:30:49.668
29109000,0.0305,1,2022-11-07 22:30:49.668
29111000,0.7743,1,2022-11-07 22:30:49.668
29112000,0.4776,1,2022-11-07 22:30:49.668
29103000,0.0841,0,2022-11-07 22:30:51.514
29102000,0.0404,0,2022-11-07 22:30:51.514
29100000,0.0502,0,2022-11-07 22:30:51.514
29099000,0.1194,0,2022-11-07 22:30:51.514
29097000,0.0888,0,2022-11-07 22:30:51.514
29109000,0.0305,1,2022-11-07 22:30:51.514
29111000,0.7743,1,2022-11-07 22:30:51.514
29112000,0.1104,1,2022-11-07 22:30:51.514
29115000,0.0527,1,2022-11-07 22:30:51.514
29116000,0.6868,1,2022-11-07 22:30:51.514
29105000,0.0396,0,2022-11-07 22:30:53.529
29104000,0.088,0,2022-11-07 22:30:53.529
29103000,0.1135,0,2022-11-07 22:30:53.529
29102000,0.0302,0,2022-11-07 22:30:53.529
29101000,0.0831,0,2022-11-07 22:30:53.529
29111000,0.6473,1,2022-11-07 22:30:53.529
29112000,0.0626,1,2022-11-07 22:30:53.529
29114000,0.0834,1,2022-11-07 22:30:53.529
29116000,0.0315,1,2022-11-07 22:30:53.529
29117000,0.0479,1,2022-11-07 22:30:53.529
29105000,0.0787,0,2022-11-07 22:30:55.491
29104000,0.088,0,2022-11-07 22:30:55.491
29103000,0.052,0,2022-11-07 22:30:55.491
29102000,0.0302,0,2022-11-07 22:30:55.491
29101000,0.0831,0,2022-11-07 22:30:55.491
29114000,0.1478,1,2022-11-07 22:30:55.491
29116000,0.0315,1,2022-11-07 22:30:55.491
29117000,0.0479,1,2022-11-07 22:30:55.491
29118000,0.6868,1,2022-11-07 22:30:55.491
29119000,0.1969,1,2022-11-07 22:30:55.491
29107000,0.0241,0,2022-11-07 22:30:58.540
29105000,0.0778,0,2022-11-07 22:30:58.540
29104000,0.0495,0,2022-11-07 22:30:58.540
29102000,0.0302,0,2022-11-07 22:30:58.540
29101000,0.0831,0,2022-11-07 22:30:58.540
29112000,0.0861,1,2022-11-07 22:30:58.540
29114000,0.1478,1,2022-11-07 22:30:58.540
29116000,0.0315,1,2022-11-07 22:30:58.540
29117000,0.0479,1,2022-11-07 22:30:58.540
29119000,0.1443,1,2022-11-07 22:30:58.540
29105000,0.0778,0,2022-11-07 22:30:59.663
29104000,0.0495,0,2022-11-07 22:30:59.663
29102000,0.0302,0,2022-11-07 22:30:59.663
29101000,0.0831,0,2022-11-07 22:30:59.663
29100000,0.0558,0,2022-11-07 22:30:59.663
29112000,0.0861,1,2022-11-07 22:30:59.663
29114000,0.1478,1,2022-11-07 22:30:59.663
29116000,0.0315,1,2022-11-07 22:30:59.663
29117000,0.0878,1,2022-11-07 22:30:59.663
29119000,0.2059,1,2022-11-07 22:30:59.663
29105000,0.0615,0,2022-11-07 22:31:01.501
29102000,0.0302,0,2022-11-07 22:31:01.501
29101000,0.0831,0,2022-11-07 22:31:01.501
29100000,0.0558,0,2022-11-07 22:31:01.501
29099000,0.0883,0,2022-11-07 22:31:01.501
29107000,0.0241,1,2022-11-07 22:31:01.501
29112000,0.0861,1,2022-11-07 22:31:01.501
29114000,0.1478,1,2022-11-07 22:31:01.501
29116000,0.0315,1,2022-11-07 22:31:01.501
29117000,0.0878,1,2022-11-07 22:31:01.501
29096000,0.3826,0,2022-11-07 22:31:04.506
29095000,0.0503,0,2022-11-07 22:31:04.506
29090000,0.0859,0,2022-11-07 22:31:04.506
29089000,0.4086,0,2022-11-07 22:31:04.506
29087000,0.0484,0,2022-11-07 22:31:04.506
29101000,0.0282,1,2022-11-07 22:31:04.506
29103000,0.0379,1,2022-11-07 22:31:04.506
29104000,0.0985,1,2022-11-07 22:31:04.506
29105000,0.022,1,2022-11-07 22:31:04.506
29108000,0.0641,1,2022-11-07 22:31:04.506
29090000,0.0505,0,2022-11-07 22:31:06.665
29089000,0.4648,0,2022-11-07 22:31:06.665
29088000,0.1102,0,2022-11-07 22:31:06.665
29087000,0.0484,0,2022-11-07 22:31:06.665
29086000,0.0875,0,2022-11-07 22:31:06.665
29096000,0.1646,1,2022-11-07 22:31:06.665
29099000,0.1879,1,2022-11-07 22:31:06.665
29101000,0.12,1,2022-11-07 22:31:06.665
29102000,0.2088,1,2022-11-07 22:31:06.665
29103000,0.0502,1,2022-11-07 22:31:06.665
29091000,0.0853,0,2022-11-07 22:31:08.628
29090000,0.0505,0,2022-11-07 22:31:08.628
29089000,0.5164,0,2022-11-07 22:31:08.628
29088000,0.1102,0,2022-11-07 22:31:08.628
29087000,0.0893,0,2022-11-07 22:31:08.628
29099000,0.0999,1,2022-11-07 22:31:08.628
29101000,0.0282,1,2022-11-07 22:31:08.628
29102000,0.0878,1,2022-11-07 22:31:08.628
29103000,0.0502,1,2022-11-07 22:31:08.628
29106000,0.4001,1,2022-11-07 22:31:08.628
29091000,0.0853,0,2022-11-07 22:31:09.469
29090000,0.0505,0,2022-11-07 22:31:09.469
29089000,0.5164,0,2022-11-07 22:31:09.469
29088000,0.0997,0,2022-11-07 22:31:09.469
29087000,0.0484,0,2022-11-07 22:31:09.469
29099000,0.0644,1,2022-11-07 22:31:09.469
29101000,0.0282,1,2022-11-07 22:31:09.469
29102000,0.1277,1,2022-11-07 22:31:09.469
29103000,0.0502,1,2022-11-07 22:31:09.469
29106000,0.4527,1,2022-11-07 22:31:09.469
29089000,0.5164,0,2022-11-07 22:31:12.438
29088000,0.0605,0,2022-11-07 22:31:12.438
29087000,0.0484,0,2022-11-07 22:31:12.438
29086000,0.0875,0,2022-11-07 22:31:12.438
29085000,0.47,0,2022-11-07 22:31:12.438
29098000,0.0691,1,2022-11-07 22:31:12.438
29099000,0.0537,1,2022-11-07 22:31:12.438
29100000,0.061,1,2022-11-07 22:31:12.438
29101000,0.0282,1,2022-11-07 22:31:12.438
29102000,0.1277,1,2022-11-07 22:31:12.438
29089000,0.5164,0,2022-11-07 22:31:13.582
29088000,0.0605,0,2022-11-07 22:31:13.582
29087000,0.0484,0,2022-11-07 22:31:13.582
29086000,0.1284,0,2022-11-07 22:31:13.582
29085000,0.47,0,2022-11-07 22:31:13.582
29099000,0.0537,1,2022-11-07 22:31:13.582
29100000,0.061,1,2022-11-07 22:31:13.582
29101000,0.0282,1,2022-11-07 22:31:13.582
29102000,0.0878,1,2022-11-07 22:31:13.582
29103000,0.0502,1,2022-11-07 22:31:13.582
29091000,0.0837,0,2022-11-07 22:31:15.552
29089000,0.5164,0,2022-11-07 22:31:15.552
29088000,0.0605,0,2022-11-07 22:31:15.552
29087000,0.0484,0,2022-11-07 22:31:15.552
29086000,0.1284,0,2022-11-07 22:31:15.552
29099000,0.0148,1,2022-11-07 22:31:15.552
29100000,0.061,1,2022-11-07 22:31:15.552
29101000,0.0668,1,2022-11-07 22:31:15.552
29102000,0.0878,1,2022-11-07 22:31:15.552
29103000,0.0502,1,2022-11-07 22:31:15.552
29091000,0.0844,0,2022-11-07 22:31:17.563
29089000,0.5559,0,2022-11-07 22:31:17.563
29088000,0.0605,0,2022-11-07 22:31:17.563
29087000,0.089,0,2022-11-07 22:31:17.563
29086000,0.1284,0,2022-11-07 22:31:17.563
29098000,0.0473,1,2022-11-07 22:31:17.563
29099000,0.0148,1,2022-11-07 22:31:17.563
29101000,0.0668,1,2022-11-07 22:31:17.563
29102000,0.0878,1,2022-11-07 22:31:17.563
29103000,0.0502,1,2022-11-07 22:31:17.563
29091000,0.0844,0,2022-11-07 22:31:18.710
29090000,0.1133,0,2022-11-07 22:31:18.710
29089000,0.5559,0,2022-11-07 22:31:18.710
29088000,0.0605,0,2022-11-07 22:31:18.710
29087000,0.0484,0,2022-11-07 22:31:18.710
29099000,0.0148,1,2022-11-07 22:31:18.710
29101000,0.0282,1,2022-11-07 22:31:18.710
29102000,0.0878,1,2022-11-07 22:31:18.710
29103000,0.0502,1,2022-11-07 22:31:18.710
29106000,0.4001,1,2022-11-07 22:31:18.710
29091000,0.0523,0,2022-11-07 22:31:22.475
29090000,0.061,0,2022-11-07 22:31:22.475
29089000,0.5053,0,2022-11-07 22:31:22.475
29088000,0.5524,0,2022-11-07 22:31:22.475
29087000,0.0484,0,2022-11-07 22:31:22.475
29099000,0.0616,1,2022-11-07 22:31:22.475
29100000,0.059,1,2022-11-07 22:31:22.475
29101000,0.0282,1,2022-11-07 22:31:22.475
29102000,0.0878,1,2022-11-07 22:31:22.475
29103000,0.0502,1,2022-11-07 22:31:22.475
29090000,0.061,0,2022-11-07 22:31:23.641
29089000,0.4648,0,2022-11-07 22:31:23.641
29088000,0.5524,0,2022-11-07 22:31:23.641
29087000,0.0484,0,2022-11-07 22:31:23.641
29086000,0.0875,0,2022-11-07 22:31:23.641
29099000,0.0916,1,2022-11-07 22:31:23.641
29100000,0.059,1,2022-11-07 22:31:23.641
29101000,0.0684,1,2022-11-07 22:31:23.641
29102000,0.0878,1,2022-11-07 22:31:23.641
29103000,0.0502,1,2022-11-07 22:31:23.641
29098000,0.0005,0,2022-11-07 22:31:25.578
29090000,0.1128,0,2022-11-07 22:31:25.578
29089000,0.496,0,2022-11-07 22:31:25.578
29088000,0.5524,0,2022-11-07 22:31:25.578
29087000,0.0484,0,2022-11-07 22:31:25.578
29099000,0.0802,1,2022-11-07 22:31:25.578
29100000,0.059,1,2022-11-07 22:31:25.578
29101000,0.0684,1,2022-11-07 22:31:25.578
29102000,0.0868,1,2022-11-07 22:31:25.578
29103000,0.0502,1,2022-11-07 22:31:25.578
29098000,0.0005,0,2022-11-07 22:31:26.533
29091000,0.0897,0,2022-11-07 22:31:26.533
29090000,0.1128,0,2022-11-07 22:31:26.533
29089000,0.496,0,2022-11-07 22:31:26.533
29088000,0.5436,0,2022-11-07 22:31:26.533
29099000,0.0388,1,2022-11-07 22:31:26.533
29100000,0.0738,1,2022-11-07 22:31:26.533
29101000,0.0684,1,2022-11-07 22:31:26.533
29102000,0.0868,1,2022-11-07 22:31:26.533
29103000,0.0502,1,2022-11-07 22:31:26.533
29093000,0.143,0,2022-11-07 22:31:28.603
29092000,0.0518,0,2022-11-07 22:31:28.603
29091000,0.1283,0,2022-11-07 22:31:28.603
29090000,0.0914,0,2022-11-07 22:31:28.603
29089000,0.496,0,2022-11-07 22:31:28.603
29099000,0.0388,1,2022-11-07 22:31:28.603
29100000,0.0148,1,2022-11-07 22:31:28.603
29102000,0.0868,1,2022-11-07 22:31:28.603
29103000,0.0808,1,2022-11-07 22:31:28.603
29104000,0.038,1,2022-11-07 22:31:28.603
29093000,0.143,0,2022-11-07 22:31:29.654
29091000,0.1283,0,2022-11-07 22:31:29.654
29090000,0.1409,0,2022-11-07 22:31:29.654
29089000,0.496,0,2022-11-07 22:31:29.654
29088000,0.5028,0,2022-11-07 22:31:29.654
29100000,0.0148,1,2022-11-07 22:31:29.654
29101000,0.049,1,2022-11-07 22:31:29.654
29102000,0.0868,1,2022-11-07 22:31:29.654
29103000,0.0808,1,2022-11-07 22:31:29.654
29104000,0.038,1,2022-11-07 22:31:29.654
29093000,0.143,0,2022-11-07 22:31:31.587
29091000,0.0897,0,2022-11-07 22:31:31.587
29090000,0.1409,0,2022-11-07 22:31:31.587
29089000,0.496,0,2022-11-07 22:31:31.587
29088000,0.5421,0,2022-11-07 22:31:31.587
29100000,0.0148,1,2022-11-07 22:31:31.587
29101000,0.049,1,2022-11-07 22:31:31.587
29102000,0.0868,1,2022-11-07 22:31:31.587
29103000,0.0808,1,2022-11-07 22:31:31.587
29104000,0.038,1,2022-11-07 22:31:31.587
29093000,0.143,0,2022-11-07 22:31:32.522
29091000,0.0897,0,2022-11-07 22:31:32.522
29090000,0.1409,0,2022-11-07 22:31:32.522
29089000,0.496,0,2022-11-07 22:31:32.522
29088000,0.5421,0,2022-11-07 22:31:32.522
29100000,0.0148,1,2022-11-07 22:31:32.522
29101000,0.049,1,2022-11-07 22:31:32.522
29102000,0.0868,1,2022-11-07 22:31:32.522
29103000,0.0808,1,2022-11-07 22:31:32.522
29104000,0.038,1,2022-11-07 22:31:32.522
29093000,0.143,0,2022-11-07 22:31:34.521
29092000,0.0497,0,2022-11-07 22:31:34.521
29091000,0.0897,0,2022-11-07 22:31:34.521
29090000,0.1409,0,2022-11-07 22:31:34.521
29089000,0.496,0,2022-11-07 22:31:34.521
29100000,0.0036,1,2022-11-07 22:31:34.521
29101000,0.049,1,2022-11-07 22:31:34.521
29102000,0.0868,1,2022-11-07 22:31:34.521
29103000,0.0808,1,2022-11-07 22:31:34.521
29104000,0.038,1,2022-11-07 22:31:34.521
29093000,0.143,0,2022-11-07 22:31:35.590
29092000,0.0497,0,2022-11-07 22:31:35.590
29091000,0.0897,0,2022-11-07 22:31:35.590
29090000,0.0914,0,2022-11-07 22:31:35.590
29089000,0.496,0,2022-11-07 22:31:35.590
29100000,0.0036,1,2022-11-07 22:31:35.590
29101000,0.049,1,2022-11-07 22:31:35.590
29102000,0.0868,1,2022-11-07 22:31:35.590
29103000,0.0808,1,2022-11-07 22:31:35.590
29104000,0.038,1,2022-11-07 22:31:35.590
29093000,0.143,0,2022-11-07 22:31:36.539
29092000,0.0497,0,2022-11-07 22:31:36.539
29091000,0.0897,0,2022-11-07 22:31:36.539
29090000,0.0914,0,2022-11-07 22:31:36.539
29089000,0.496,0,2022-11-07 22:31:36.539
29100000,0.0036,1,2022-11-07 22:31:36.539
29101000,0.049,1,2022-11-07 22:31:36.539
29102000,0.0868,1,2022-11-07 22:31:36.539
29103000,0.0808,1,2022-11-07 22:31:36.539
29104000,0.038,1,2022-11-07 22:31:36.539
29093000,0.143,0,2022-11-07 22:31:38.640
29092000,0.0497,0,2022-11-07 22:31:38.640
29091000,0.0897,0,2022-11-07 22:31:38.640
29090000,0.0914,0,2022-11-07 22:31:38.640
29089000,0.496,0,2022-11-07 22:31:38.640
29100000,0.0036,1,2022-11-07 22:31:38.640
29101000,0.049,1,2022-11-07 22:31:38.640
29102000,0.0868,1,2022-11-07 22:31:38.640
29103000,0.0808,1,2022-11-07 22:31:38.640
29104000,0.038,1,2022-11-07 22:31:38.640
29093000,0.0625,0,2022-11-07 22:31:40.503
29091000,0.0897,0,2022-11-07 22:31:40.503
29090000,0.0914,0,2022-11-07 22:31:40.503
29089000,0.496,0,2022-11-07 22:31:40.503
29088000,0.5421,0,2022-11-07 22:31:40.503
29100000,0.0318,1,2022-11-07 22:31:40.503
29101000,0.049,1,2022-11-07 22:31:40.503
29102000,0.0868,1,2022-11-07 22:31:40.503
29103000,0.0808,1,2022-11-07 22:31:40.503
29104000,0.038,1,2022-11-07 22:31:40.503
29100000,0.0282,0,2022-11-07 22:31:42.551
29093000,0.1977,0,2022-11-07 22:31:42.551
29092000,0.0397,0,2022-11-07 22:31:42.551
29091000,0.14,0,2022-11-07 22:31:42.551
29090000,0.0914,0,2022-11-07 22:31:42.551
29101000,0.049,1,2022-11-07 22:31:42.551
29102000,0.0868,1,2022-11-07 22:31:42.551
29103000,0.095,1,2022-11-07 22:31:42.551
29104000,0.038,1,2022-11-07 22:31:42.551
29106000,0.4001,1,2022-11-07 22:31:42.551
29100000,0.0282,0,2022-11-07 22:31:43.556
29095000,0.0855,0,2022-11-07 22:31:43.556
29093000,0.1977,0,2022-11-07 22:31:43.556
29092000,0.0397,0,2022-11-07 22:31:43.556
29091000,0.0897,0,2022-11-07 22:31:43.556
29101000,0.039,1,2022-11-07 22:31:43.556
29102000,0.0304,1,2022-11-07 22:31:43.556
29103000,0.0644,1,2022-11-07 22:31:43.556
29105000,0.0873,1,2022-11-07 22:31:43.556
29106000,0.4001,1,2022-11-07 22:31:43.556
29095000,0.0855,0,2022-11-07 22:31:46.461
29093000,0.1977,0,2022-11-07 22:31:46.461
29092000,0.0397,0,2022-11-07 22:31:46.461
29091000,0.0897,0,2022-11-07 22:31:46.461
29090000,0.0914,0,2022-11-07 22:31:46.461
29101000,0.0229,1,2022-11-07 22:31:46.461
29102000,0.0494,1,2022-11-07 22:31:46.461
29103000,0.0644,1,2022-11-07 22:31:46.461
29105000,0.0873,1,2022-11-07 22:31:46.461
29106000,0.4001,1,2022-11-07 22:31:46.461
29095000,0.0855,0,2022-11-07 22:31:47.578
29093000,0.1977,0,2022-11-07 22:31:47.578
29092000,0.0397,0,2022-11-07 22:31:47.578
29091000,0.0897,0,2022-11-07 22:31:47.578
29090000,0.0914,0,2022-11-07 22:31:47.578
29101000,0.0229,1,2022-11-07 22:31:47.578
29102000,0.0494,1,2022-11-07 22:31:47.578
29103000,0.0644,1,2022-11-07 22:31:47.578
29105000,0.0873,1,2022-11-07 22:31:47.578
29106000,0.4001,1,2022-11-07 22:31:47.578
29095000,0.0855,0,2022-11-07 22:31:49.580
29093000,0.1977,0,2022-11-07 22:31:49.580
29092000,0.0397,0,2022-11-07 22:31:49.580
29091000,0.0897,0,2022-11-07 22:31:49.580
29090000,0.0914,0,2022-11-07 22:31:49.580
29101000,0.0034,1,2022-11-07 22:31:49.580
29102000,0.0494,1,2022-11-07 22:31:49.580
29103000,0.0644,1,2022-11-07 22:31:49.580
29105000,0.0873,1,2022-11-07 22:31:49.580
29106000,0.4001,1,2022-11-07 22:31:49.580
29095000,0.0855,0,2022-11-07 22:31:51.627
29093000,0.1977,0,2022-11-07 22:31:51.627
29092000,0.0397,0,2022-11-07 22:31:51.627
29091000,0.0897,0,2022-11-07 22:31:51.627
29090000,0.1315,0,2022-11-07 22:31:51.627
29101000,0.0034,1,2022-11-07 22:31:51.627
29102000,0.0494,1,2022-11-07 22:31:51.627
29103000,0.0644,1,2022-11-07 22:31:51.627
29105000,0.0873,1,2022-11-07 22:31:51.627
29106000,0.4001,1,2022-11-07 22:31:51.627
29095000,0.1365,0,2022-11-07 22:31:52.510
29093000,0.254,0,2022-11-07 22:31:52.510
29092000,0.0798,0,2022-11-07 22:31:52.510
29091000,0.0897,0,2022-11-07 22:31:52.510
29090000,0.0914,0,2022-11-07 22:31:52.510
29102000,0.0372,1,2022-11-07 22:31:52.510
29103000,0.0644,1,2022-11-07 22:31:52.510
29105000,0.0873,1,2022-11-07 22:31:52.510
29107000,0.0968,1,2022-11-07 22:31:52.510
29109000,0.0307,1,2022-11-07 22:31:52.510
29096000,0.0633,0,2022-11-07 22:31:54.468
29095000,0.1365,0,2022-11-07 22:31:54.468
29094000,0.0403,0,2022-11-07 22:31:54.468
29093000,0.1395,0,2022-11-07 22:31:54.468
29091000,0.1298,0,2022-11-07 22:31:54.468
29102000,0.0372,1,2022-11-07 22:31:54.468
29103000,0.0384,1,2022-11-07 22:31:54.468
29105000,0.0873,1,2022-11-07 22:31:54.468
29107000,0.0968,1,2022-11-07 22:31:54.468
29109000,0.0307,1,2022-11-07 22:31:54.468
29096000,0.0633,0,2022-11-07 22:31:55.546
29095000,0.1365,0,2022-11-07 22:31:55.546
29094000,0.0403,0,2022-11-07 22:31:55.546
29093000,0.1395,0,2022-11-07 22:31:55.546
29091000,0.1298,0,2022-11-07 22:31:55.546
29102000,0.0182,1,2022-11-07 22:31:55.546
29103000,0.0384,1,2022-11-07 22:31:55.546
29105000,0.0873,1,2022-11-07 22:31:55.546
29107000,0.0968,1,2022-11-07 22:31:55.546
29109000,0.0307,1,2022-11-07 22:31:55.546
29096000,0.0136,0,2022-11-07 22:31:57.490
29095000,0.1365,0,2022-11-07 22:31:57.490
29094000,0.0403,0,2022-11-07 22:31:57.490
29093000,0.1395,0,2022-11-07 22:31:57.490
29091000,0.0897,0,2022-11-07 22:31:57.490
29102000,0.0133,1,2022-11-07 22:31:57.490
29103000,0.0384,1,2022-11-07 22:31:57.490
29104000,0.0246,1,2022-11-07 22:31:57.490
29105000,0.0873,1,2022-11-07 22:31:57.490
29107000,0.0968,1,2022-11-07 22:31:57.490
29099000,0.0051,0,2022-11-07 22:31:59.595
29096000,0.0136,0,2022-11-07 22:31:59.595
29095000,0.1365,0,2022-11-07 22:31:59.595
29094000,0.0403,0,2022-11-07 22:31:59.595
29093000,0.1395,0,2022-11-07 22:31:59.595
29102000,0.0013,1,2022-11-07 22:31:59.595
29103000,0.0384,1,2022-11-07 22:31:59.595
29104000,0.0246,1,2022-11-07 22:31:59.595
29105000,0.0873,1,2022-11-07 22:31:59.595
29107000,0.0968,1,2022-11-07 22:31:59.595
29099000,0.0051,0,2022-11-07 22:32:01.444
29096000,0.0635,0,2022-11-07 22:32:01.444
29095000,0.1365,0,2022-11-07 22:32:01.444
29094000,0.0403,0,2022-11-07 22:32:01.444
29093000,0.1395,0,2022-11-07 22:32:01.444
29102000,0.0013,1,2022-11-07 22:32:01.444
29103000,0.0384,1,2022-11-07 22:32:01.444
29104000,0.0246,1,2022-11-07 22:32:01.444
29105000,0.0873,1,2022-11-07 22:32:01.444
29107000,0.0968,1,2022-11-07 22:32:01.444
29099000,0.0051,0,2022-11-07 22:32:02.518
29096000,0.0635,0,2022-11-07 22:32:02.518
29095000,0.1365,0,2022-11-07 22:32:02.518
29094000,0.0403,0,2022-11-07 22:32:02.518
29093000,0.1395,0,2022-11-07 22:32:02.518
29104000,0.0246,1,2022-11-07 22:32:02.518
29105000,0.0873,1,2022-11-07 22:32:02.518
29107000,0.0968,1,2022-11-07 22:32:02.518
29109000,0.0307,1,2022-11-07 22:32:02.518
29110000,0.1885,1,2022-11-07 22:32:02.518
29101000,0.0217,0,2022-11-07 22:32:04.506
29099000,0.0051,0,2022-11-07 22:32:04.506
29098000,0.0625,0,2022-11-07 22:32:04.506
29095000,0.1365,0,2022-11-07 22:32:04.506
29093000,0.1395,0,2022-11-07 22:32:04.506
29105000,0.0873,1,2022-11-07 22:32:04.506
29106000,0.0637,1,2022-11-07 22:32:04.506
29107000,0.0968,1,2022-11-07 22:32:04.506
29109000,0.0307,1,2022-11-07 22:32:04.506
29110000,0.1391,1,2022-11-07 22:32:04.506
29101000,0.0117,0,2022-11-07 22:32:06.556
29100000,0.6867,0,2022-11-07 22:32:06.556
29099000,0.0051,0,2022-11-07 22:32:06.556
29098000,0.0625,0,2022-11-07 22:32:06.556
29096000,0.0517,0,2022-11-07 22:32:06.556
29105000,0.0596,1,2022-11-07 22:32:06.556
29106000,0.0637,1,2022-11-07 22:32:06.556
29107000,0.0968,1,2022-11-07 22:32:06.556
29109000,0.0307,1,2022-11-07 22:32:06.556
29110000,0.1391,1,2022-11-07 22:32:06.556
29101000,0.0117,0,2022-11-07 22:32:08.594
29100000,0.6867,0,2022-11-07 22:32:08.594
29099000,0.0051,0,2022-11-07 22:32:08.594
29096000,0.0826,0,2022-11-07 22:32:08.594
29095000,0.0855,0,2022-11-07 22:32:08.594
29104000,0.0613,1,2022-11-07 22:32:08.594
29105000,0.0863,1,2022-11-07 22:32:08.594
29106000,0.0637,1,2022-11-07 22:32:08.594
29107000,0.1237,1,2022-11-07 22:32:08.594
29109000,0.0307,1,2022-11-07 22:32:08.594
29101000,0.0117,0,2022-11-07 22:32:10.664
29100000,0.6867,0,2022-11-07 22:32:10.664
29099000,0.0051,0,2022-11-07 22:32:10.664
29096000,0.0826,0,2022-11-07 22:32:10.664
29095000,0.15,0,2022-11-07 22:32:10.664
29104000,0.0717,1,2022-11-07 22:32:10.664
29105000,0.0863,1,2022-11-07 22:32:10.664
29107000,0.0845,1,2022-11-07 22:32:10.664
29109000,0.0307,1,2022-11-07 22:32:10.664
29110000,0.1391,1,2022-11-07 22:32:10.664
29101000,0.0117,0,2022-11-07 22:32:12.546
29099000,0.0051,0,2022-11-07 22:32:12.546
29096000,0.0826,0,2022-11-07 22:32:12.546
29095000,0.15,0,2022-11-07 22:32:12.546
29093000,0.1395,0,2022-11-07 22:32:12.546
29103000,0.0312,1,2022-11-07 22:32:12.546
29104000,0.0126,1,2022-11-07 22:32:12.546
29105000,0.0863,1,2022-11-07 22:32:12.546
29107000,0.0845,1,2022-11-07 22:32:12.546
29109000,0.0307,1,2022-11-07 22:32:12.546
29101000,0.0117,0,2022-11-07 22:32:13.501
29099000,0.0051,0,2022-11-07 22:32:13.501
29096000,0.0309,0,2022-11-07 22:32:13.501
29093000,0.0563,0,2022-11-07 22:32:13.501
29091000,0.1423,0,2022-11-07 22:32:13.501
29102000,0.1916,1,2022-11-07 22:32:13.501
29103000,0.0614,1,2022-11-07 22:32:13.501
29104000,0.0402,1,2022-11-07 22:32:13.501
29105000,0.0863,1,2022-11-07 22:32:13.501
29107000,0.0845,1,2022-11-07 22:32:13.501
29099000,0.0051,0,2022-11-07 22:32:16.466
29096000,0.0309,0,2022-11-07 22:32:16.466
29091000,0.0897,0,2022-11-07 22:32:16.466
29090000,0.0914,0,2022-11-07 22:32:16.466
29089000,0.4069,0,2022-11-07 22:32:16.466
29100000,0.0991,1,2022-11-07 22:32:16.466
29101000,0.0001,1,2022-11-07 22:32:16.466
29102000,0.1903,1,2022-11-07 22:32:16.466
29103000,0.0535,1,2022-11-07 22:32:16.466
29105000,0.0863,1,2022-11-07 22:32:16.466
29096000,0.0309,0,2022-11-07 22:32:19.572
29094000,0.0878,0,2022-11-07 22:32:19.572
29091000,0.0897,0,2022-11-07 22:32:19.572
29090000,0.1427,0,2022-11-07 22:32:19.572
29089000,0.4716,0,2022-11-07 22:32:19.572
29100000,0.0991,1,2022-11-07 22:32:19.572
29102000,0.0856,1,2022-11-07 22:32:19.572
29103000,0.0535,1,2022-11-07 22:32:19.572
29105000,0.0863,1,2022-11-07 22:32:19.572
29106000,0.4616,1,2022-11-07 22:32:19.572
29098000,0.0889,0,2022-11-07 22:32:21.491
29096000,0.0309,0,2022-11-07 22:32:21.491
29095000,0.1145,0,2022-11-07 22:32:21.491
29094000,0.0878,0,2022-11-07 22:32:21.491
29093000,0.1144,0,2022-11-07 22:32:21.491
29104000,0.1052,1,2022-11-07 22:32:21.491
29106000,0.0585,1,2022-11-07 22:32:21.491
29107000,0.0845,1,2022-11-07 22:32:21.491
29109000,0.0307,1,2022-11-07 22:32:21.491
29110000,0.1391,1,2022-11-07 22:32:21.491
29096000,0.0309,0,2022-11-07 22:32:22.492
29095000,0.0635,0,2022-11-07 22:32:22.492
29094000,0.0878,0,2022-11-07 22:32:22.492
29093000,0.0492,0,2022-11-07 22:32:22.492
29091000,0.0897,0,2022-11-07 22:32:22.492
29104000,0.1052,1,2022-11-07 22:32:22.492
29106000,0.0585,1,2022-11-07 22:32:22.492
29107000,0.0845,1,2022-11-07 22:32:22.492
29109000,0.0307,1,2022-11-07 22:32:22.492
29110000,0.1915,1,2022-11-07 22:32:22.492
29096000,0.0855,0,2022-11-07 22:32:25.461
29095000,0.0635,0,2022-11-07 22:32:25.461
29094000,0.0878,0,2022-11-07 22:32:25.461
29093000,0.0902,0,2022-11-07 22:32:25.461
29091000,0.0897,0,2022-11-07 22:32:25.461
29104000,0.0649,1,2022-11-07 22:32:25.461
29106000,0.0585,1,2022-11-07 22:32:25.461
29107000,0.0845,1,2022-11-07 22:32:25.461
29109000,0.0687,1,2022-11-07 22:32:25.461
29110000,0.1915,1,2022-11-07 22:32:25.461
29096000,0.0855,0,2022-11-07 22:32:26.532
29095000,0.0635,0,2022-11-07 22:32:26.532
29094000,0.0878,0,2022-11-07 22:32:26.532
29093000,0.0902,0,2022-11-07 22:32:26.532
29091000,0.0897,0,2022-11-07 22:32:26.532
29104000,0.0524,1,2022-11-07 22:32:26.532
29106000,0.0585,1,2022-11-07 22:32:26.532
29107000,0.0845,1,2022-11-07 22:32:26.532
29109000,0.0687,1,2022-11-07 22:32:26.532
29110000,0.1915,1,2022-11-07 22:32:26.532
29096000,0.0855,0,2022-11-07 22:32:27.435
29095000,0.0635,0,2022-11-07 22:32:27.435
29094000,0.0878,0,2022-11-07 22:32:27.435
29093000,0.0902,0,2022-11-07 22:32:27.435
29091000,0.0897,0,2022-11-07 22:32:27.435
29104000,0.0447,1,2022-11-07 22:32:27.435
29106000,0.0585,1,2022-11-07 22:32:27.435
29107000,0.0845,1,2022-11-07 22:32:27.435
29109000,0.0687,1,2022-11-07 22:32:27.435
29110000,0.1915,1,2022-11-07 22:32:27.435
29096000,0.0855,0,2022-11-07 22:32:29.632
29095000,0.0635,0,2022-11-07 22:32:29.632
29094000,0.0878,0,2022-11-07 22:32:29.632
29093000,0.0902,0,2022-11-07 22:32:29.632
29091000,0.0897,0,2022-11-07 22:32:29.632
29104000,0.0613,1,2022-11-07 22:32:29.632
29106000,0.0585,1,2022-11-07 22:32:29.632
29107000,0.0845,1,2022-11-07 22:32:29.632
29109000,0.0687,1,2022-11-07 22:32:29.632
29110000,0.1915,1,2022-11-07 22:32:29.632
29096000,0.0855,0,2022-11-07 22:32:30.548
29095000,0.0635,0,2022-11-07 22:32:30.548
29094000,0.0878,0,2022-11-07 22:32:30.548
29093000,0.0902,0,2022-11-07 22:32:30.548
29091000,0.0897,0,2022-11-07 22:32:30.548
29106000,0.0585,1,2022-11-07 22:32:30.548
29107000,0.0845,1,2022-11-07 22:32:30.548
29109000,0.0687,1,2022-11-07 22:32:30.548
29110000,0.1915,1,2022-11-07 22:32:30.548
29112000,0.0598,1,2022-11-07 22:32:30.548
29094000,0.0028,0,2022-11-07 22:32:33.472
29091000,0.0897,0,2022-11-07 22:32:33.472
29090000,0.5868,0,2022-11-07 22:32:33.472
29089000,0.4247,0,2022-11-07 22:32:33.472
29088000,0.5422,0,2022-11-07 22:32:33.472
29096000,0.0056,1,2022-11-07 22:32:33.472
29102000,0.064,1,2022-11-07 22:32:33.472
29103000,0.0236,1,2022-11-07 22:32:33.472
29104000,0.0608,1,2022-11-07 22:32:33.472
29105000,0.1598,1,2022-11-07 22:32:33.472
29092000,0.0616,0,2022-11-07 22:32:34.587
29091000,0.0897,0,2022-11-07 22:32:34.587
29090000,0.5868,0,2022-11-07 22:32:34.587
29089000,0.4247,0,2022-11-07 22:32:34.587
29088000,0.5422,0,2022-11-07 22:32:34.587
29096000,0.0056,1,2022-11-07 22:32:34.587
29102000,0.1235,1,2022-11-07 22:32:34.587
29103000,0.0236,1,2022-11-07 22:32:34.587
29104000,0.0608,1,2022-11-07 22:32:34.587
29105000,0.1123,1,2022-11-07 22:32:34.587
29093000,0.0839,0,2022-11-07 22:32:36.599
29092000,0.0616,0,2022-11-07 22:32:36.599
29091000,0.0897,0,2022-11-07 22:32:36.599
29090000,0.5868,0,2022-11-07 22:32:36.599
29089000,0.4247,0,2022-11-07 22:32:36.599
29102000,0.1235,1,2022-11-07 22:32:36.599
29103000,0.0236,1,2022-11-07 22:32:36.599
29104000,0.0608,1,2022-11-07 22:32:36.599
29105000,0.1123,1,2022-11-07 22:32:36.599
29106000,0.0585,1,2022-11-07 22:32:36.599
29093000,0.0803,0,2022-11-07 22:32:37.490
29092000,0.0616,0,2022-11-07 22:32:37.490
29091000,0.1401,0,2022-11-07 22:32:37.490
29090000,0.6257,0,2022-11-07 22:32:37.490
29089000,0.4247,0,2022-11-07 22:32:37.490
29102000,0.027,1,2022-11-07 22:32:37.490
29103000,0.0236,1,2022-11-07 22:32:37.490
29104000,0.0608,1,2022-11-07 22:32:37.490
29105000,0.0629,1,2022-11-07 22:32:37.490
29106000,0.0585,1,2022-11-07 22:32:37.490
29094000,0.0888,0,2022-11-07 22:32:39.577
29093000,0.1171,0,2022-11-07 22:32:39.577
29092000,0.1128,0,2022-11-07 22:32:39.577
29091000,0.1401,0,2022-11-07 22:32:39.577
29090000,0.5868,0,2022-11-07 22:32:39.577
29104000,0.0603,1,2022-11-07 22:32:39.577
29105000,0.025,1,2022-11-07 22:32:39.577
29106000,0.0585,1,2022-11-07 22:32:39.577
29107000,0.0845,1,2022-11-07 22:32:39.577
29109000,0.0307,1,2022-11-07 22:32:39.577
29097000,0.0867,0,2022-11-07 22:32:41.464
29096000,0.0396,0,2022-11-07 22:32:41.464
29095000,0.151,0,2022-11-07 22:32:41.464
29094000,0.1414,0,2022-11-07 22:32:41.464
29093000,0.1356,0,2022-11-07 22:32:41.464
29106000,0.0585,1,2022-11-07 22:32:41.464
29107000,0.1466,1,2022-11-07 22:32:41.464
29109000,0.0812,1,2022-11-07 22:32:41.464
29110000,0.1391,1,2022-11-07 22:32:41.464
29112000,0.1632,1,2022-11-07 22:32:41.464
29102000,0.149,0,2022-11-07 22:32:44.435
29101000,0.0392,0,2022-11-07 22:32:44.435
29100000,0.0806,0,2022-11-07 22:32:44.435
29099000,0.0878,0,2022-11-07 22:32:44.435
29098000,0.0636,0,2022-11-07 22:32:44.435
29109000,0.0307,1,2022-11-07 22:32:44.435
29110000,0.1391,1,2022-11-07 22:32:44.435
29113000,0.4854,1,2022-11-07 22:32:44.435
29116000,0.0315,1,2022-11-07 22:32:44.435
29117000,0.0479,1,2022-11-07 22:32:44.435
29102000,0.056,0,2022-11-07 22:32:47.468
29100000,0.0402,0,2022-11-07 22:32:47.468
29099000,0.1689,0,2022-11-07 22:32:47.468
29097000,0.0867,0,2022-11-07 22:32:47.468
29096000,0.3657,0,2022-11-07 22:32:47.468
29104000,0.0101,1,2022-11-07 22:32:47.468
29111000,0.0894,1,2022-11-07 22:32:47.468
29112000,0.0847,1,2022-11-07 22:32:47.468
29113000,0.4331,1,2022-11-07 22:32:47.468
29114000,0.7793,1,2022-11-07 22:32:47.468
29102000,0.056,0,2022-11-07 22:32:48.574
29101000,0.0878,0,2022-11-07 22:32:48.574
29100000,0.0402,0,2022-11-07 22:32:48.574
29099000,0.1689,0,2022-11-07 22:32:48.574
29097000,0.0867,0,2022-11-07 22:32:48.574
29111000,0.0894,1,2022-11-07 22:32:48.574
29112000,0.0847,1,2022-11-07 22:32:48.574
29113000,0.4331,1,2022-11-07 22:32:48.574
29114000,0.0925,1,2022-11-07 22:32:48.574
29116000,0.096,1,2022-11-07 22:32:48.574
29101000,0.0573,0,2022-11-07 22:32:51.703
29099000,0.032,0,2022-11-07 22:32:51.703
29097000,0.0867,0,2022-11-07 22:32:51.703
29096000,0.4062,0,2022-11-07 22:32:51.703
29093000,0.0573,0,2022-11-07 22:32:51.703
29102000,0.05,1,2022-11-07 22:32:51.703
29109000,0.1796,1,2022-11-07 22:32:51.703
29110000,0.03,1,2022-11-07 22:32:51.703
29111000,0.1294,1,2022-11-07 22:32:51.703
29112000,0.135,1,2022-11-07 22:32:51.703
29096000,0.0101,0,2022-11-07 22:32:54.515
29093000,0.0833,0,2022-11-07 22:32:54.515
29092000,0.0324,0,2022-11-07 22:32:54.515
29090000,0.5868,0,2022-11-07 22:32:54.515
29089000,0.3757,0,2022-11-07 22:32:54.515
29097000,0.0615,1,2022-11-07 22:32:54.515
29100000,0.0021,1,2022-11-07 22:32:54.515
29101000,0.0572,1,2022-11-07 22:32:54.515
29102000,0.236,1,2022-11-07 22:32:54.515
29105000,0.1458,1,2022-11-07 22:32:54.515
29096000,0.0101,0,2022-11-07 22:32:56.589
29095000,0.0894,0,2022-11-07 22:32:56.589
29093000,0.1436,0,2022-11-07 22:32:56.589
29091000,0.092,0,2022-11-07 22:32:56.589
29090000,0.5868,0,2022-11-07 22:32:56.589
29101000,0.0572,1,2022-11-07 22:32:56.589
29102000,0.1108,1,2022-11-07 22:32:56.589
29105000,0.1846,1,2022-11-07 22:32:56.589
29107000,0.0496,1,2022-11-07 22:32:56.589
29109000,0.2052,1,2022-11-07 22:32:56.589
29096000,0.0101,0,2022-11-07 22:32:59.676
29095000,0.152,0,2022-11-07 22:32:59.676
29093000,0.1436,0,2022-11-07 22:32:59.676
29091000,0.1449,0,2022-11-07 22:32:59.676
29090000,0.5868,0,2022-11-07 22:32:59.676
29102000,0.05,1,2022-11-07 22:32:59.676
29105000,0.1846,1,2022-11-07 22:32:59.676
29106000,0.0306,1,2022-11-07 22:32:59.676
29107000,0.0496,1,2022-11-07 22:32:59.676
29109000,0.1407,1,2022-11-07 22:32:59.676
29096000,0.0101,0,2022-11-07 22:33:00.631
29095000,0.152,0,2022-11-07 22:33:00.631
29093000,0.1933,0,2022-11-07 22:33:00.631
29091000,0.1449,0,2022-11-07 22:33:00.631
29090000,0.5868,0,2022-11-07 22:33:00.631
29102000,0.05,1,2022-11-07 22:33:00.631
29105000,0.1846,1,2022-11-07 22:33:00.631
29106000,0.0306,1,2022-11-07 22:33:00.631
29109000,0.1407,1,2022-11-07 22:33:00.631
29111000,0.0894,1,2022-11-07 22:33:00.631
29096000,0.0101,0,2022-11-07 22:33:02.587
29095000,0.0626,0,2022-11-07 22:33:02.587
29093000,0.1933,0,2022-11-07 22:33:02.587
29091000,0.1449,0,2022-11-07 22:33:02.587
29090000,0.5868,0,2022-11-07 22:33:02.587
29102000,0.0876,1,2022-11-07 22:33:02.587
29105000,0.1846,1,2022-11-07 22:33:02.587
29106000,0.0306,1,2022-11-07 22:33:02.587
29109000,0.1407,1,2022-11-07 22:33:02.587
29110000,0.659,1,2022-11-07 22:33:02.587
29096000,0.0101,0,2022-11-07 22:33:04.623
29095000,0.0626,0,2022-11-07 22:33:04.623
29093000,0.133,0,2022-11-07 22:33:04.623
29091000,0.092,0,2022-11-07 22:33:04.623
29090000,0.5868,0,2022-11-07 22:33:04.623
29105000,0.2472,1,2022-11-07 22:33:04.623
29106000,0.0306,1,2022-11-07 22:33:04.623
29109000,0.1904,1,2022-11-07 22:33:04.623
29111000,0.0894,1,2022-11-07 22:33:04.623
29112000,0.6503,1,2022-11-07 22:33:04.623
29096000,0.0101,0,2022-11-07 22:33:05.483
29095000,0.0626,0,2022-11-07 22:33:05.483
29093000,0.133,0,2022-11-07 22:33:05.483
29091000,0.092,0,2022-11-07 22:33:05.483
29090000,0.5868,0,2022-11-07 22:33:05.483
29105000,0.2472,1,2022-11-07 22:33:05.483
29106000,0.0306,1,2022-11-07 22:33:05.483
29109000,0.1904,1,2022-11-07 22:33:05.483
29110000,0.659,1,2022-11-07 22:33:05.483
29111000,0.0894,1,2022-11-07 22:33:05.483
29096000,0.0101,0,2022-11-07 22:33:07.574
29091000,0.1384,0,2022-11-07 22:33:07.574
29090000,0.5868,0,2022-11-07 22:33:07.574
29089000,0.3757,0,2022-11-07 22:33:07.574
29088000,0.5424,0,2022-11-07 22:33:07.574
29103000,0.1836,1,2022-11-07 22:33:07.574
29105000,0.2084,1,2022-11-07 22:33:07.574
29106000,0.0306,1,2022-11-07 22:33:07.574
29107000,0.0503,1,2022-11-07 22:33:07.574
29108000,0.059,1,2022-11-07 22:33:07.574
29096000,0.0101,0,2022-11-07 22:33:08.559
29092000,0.0646,0,2022-11-07 22:33:08.559
29091000,0.1895,0,2022-11-07 22:33:08.559
29090000,0.5868,0,2022-11-07 22:33:08.559
29089000,0.3757,0,2022-11-07 22:33:08.559
29101000,0.0409,1,2022-11-07 22:33:08.559
29103000,0.1836,1,2022-11-07 22:33:08.559
29105000,0.1458,1,2022-11-07 22:33:08.559
29106000,0.4053,1,2022-11-07 22:33:08.559
29107000,0.0503,1,2022-11-07 22:33:08.559
29097000,0.0891,0,2022-11-07 22:33:10.438
29096000,0.0101,0,2022-11-07 22:33:10.438
29095000,0.0649,0,2022-11-07 22:33:10.438
29094000,0.1411,0,2022-11-07 22:33:10.438
29093000,0.051,0,2022-11-07 22:33:10.438
29103000,0.0606,1,2022-11-07 22:33:10.438
29105000,0.1841,1,2022-11-07 22:33:10.438
29106000,0.4053,1,2022-11-07 22:33:10.438
29109000,0.1407,1,2022-11-07 22:33:10.438
29110000,0.0499,1,2022-11-07 22:33:10.438
29097000,0.0891,0,2022-11-07 22:33:12.446
29096000,0.059,0,2022-11-07 22:33:12.446
29095000,0.0649,0,2022-11-07 22:33:12.446
29094000,0.1299,0,2022-11-07 22:33:12.446
29091000,0.1974,0,2022-11-07 22:33:12.446
29105000,0.1189,1,2022-11-07 22:33:12.446
29106000,0.4053,1,2022-11-07 22:33:12.446
29107000,0.0877,1,2022-11-07 22:33:12.446
29108000,0.0381,1,2022-11-07 22:33:12.446
29109000,0.1407,1,2022-11-07 22:33:12.446
29099000,0.0511,0,2022-11-07 22:33:13.427
29098000,0.0528,0,2022-11-07 22:33:13.427
29097000,0.0891,0,2022-11-07 22:33:13.427
29096000,0.0101,0,2022-11-07 22:33:13.427
29095000,0.1139,0,2022-11-07 22:33:13.427
29105000,0.0623,1,2022-11-07 22:33:13.427
29106000,0.0306,1,2022-11-07 22:33:13.427
29107000,0.0877,1,2022-11-07 22:33:13.427
29108000,0.0381,1,2022-11-07 22:33:13.427
29109000,0.1407,1,2022-11-07 22:33:13.427
29097000,0.0836,0,2022-11-07 22:33:17.552
29096000,0.0101,0,2022-11-07 22:33:17.552
29095000,0.1139,0,2022-11-07 22:33:17.552
29094000,0.1299,0,2022-11-07 22:33:17.552
29091000,0.7384,0,2022-11-07 22:33:17.552
29105000,0.1489,1,2022-11-07 22:33:17.552
29106000,0.0306,1,2022-11-07 22:33:17.552
29107000,0.0877,1,2022-11-07 22:33:17.552
29108000,0.0381,1,2022-11-07 22:33:17.552
29109000,0.1407,1,2022-11-07 22:33:17.552
29103000,0.0007,0,2022-11-07 22:33:31.663
29097000,0.086,0,2022-11-07 22:33:31.663
29095000,0.1884,0,2022-11-07 22:33:31.663
29093000,0.1389,0,2022-11-07 22:33:31.663
29091000,0.1384,0,2022-11-07 22:33:31.663
29104000,0.0636,1,2022-11-07 22:33:31.663
29106000,0.0306,1,2022-11-07 22:33:31.663
29107000,0.0877,1,2022-11-07 22:33:31.663
29108000,0.0394,1,2022-11-07 22:33:31.663
29109000,0.1407,1,2022-11-07 22:33:31.663
29097000,0.5814,0,2022-11-07 22:33:35.561
29095000,0.084,0,2022-11-07 22:33:35.561
29094000,0.085,0,2022-11-07 22:33:35.561
29093000,0.0889,0,2022-11-07 22:33:35.561
29091000,0.1384,0,2022-11-07 22:33:35.561
29106000,0.1021,1,2022-11-07 22:33:35.561
29107000,0.12,1,2022-11-07 22:33:35.561
29108000,0.0996,1,2022-11-07 22:33:35.561
29109000,0.1407,1,2022-11-07 22:33:35.561
29112000,0.1017,1,2022-11-07 22:33:35.561
29099000,0.0842,0,2022-11-07 22:33:37.598
29097000,0.5814,0,2022-11-07 22:33:37.598
29095000,0.1953,0,2022-11-07 22:33:37.598
29094000,0.1255,0,2022-11-07 22:33:37.598
29093000,0.0889,0,2022-11-07 22:33:37.598
29106000,0.0632,1,2022-11-07 22:33:37.598
29107000,0.12,1,2022-11-07 22:33:37.598
29109000,0.1407,1,2022-11-07 22:33:37.598
29112000,0.1017,1,2022-11-07 22:33:37.598
29113000,0.3726,1,2022-11-07 22:33:37.598
29099000,0.0842,0,2022-11-07 22:33:38.617
29097000,0.5814,0,2022-11-07 22:33:38.617
29095000,0.1953,0,2022-11-07 22:33:38.617
29094000,0.1255,0,2022-11-07 22:33:38.617
29093000,0.0889,0,2022-11-07 22:33:38.617
29106000,0.0367,1,2022-11-07 22:33:38.617
29107000,0.12,1,2022-11-07 22:33:38.617
29109000,0.1407,1,2022-11-07 22:33:38.617
29110000,0.0389,1,2022-11-07 22:33:38.617
29112000,0.1017,1,2022-11-07 22:33:38.617
29097000,0.5814,0,2022-11-07 22:33:39.558
29095000,0.1953,0,2022-11-07 22:33:39.558
29094000,0.1255,0,2022-11-07 22:33:39.558
29093000,0.0889,0,2022-11-07 22:33:39.558
29091000,0.6529,0,2022-11-07 22:33:39.558
29106000,0.0367,1,2022-11-07 22:33:39.558
29107000,0.12,1,2022-11-07 22:33:39.558
29109000,0.1407,1,2022-11-07 22:33:39.558
29110000,0.0389,1,2022-11-07 22:33:39.558
29112000,0.1017,1,2022-11-07 22:33:39.558
29097000,0.5814,0,2022-11-07 22:33:40.581
29095000,0.1953,0,2022-11-07 22:33:40.581
29094000,0.1255,0,2022-11-07 22:33:40.581
29093000,0.0889,0,2022-11-07 22:33:40.581
29091000,0.6529,0,2022-11-07 22:33:40.581
29106000,0.0186,1,2022-11-07 22:33:40.581
29107000,0.1462,1,2022-11-07 22:33:40.581
29109000,0.1407,1,2022-11-07 22:33:40.581
29110000,0.0389,1,2022-11-07 22:33:40.581
29112000,0.1017,1,2022-11-07 22:33:40.581
29099000,0.0845,0,2022-11-07 22:33:42.606
29097000,0.6725,0,2022-11-07 22:33:42.606
29095000,0.4986,0,2022-11-07 22:33:42.606
29094000,0.1255,0,2022-11-07 22:33:42.606
29093000,0.0889,0,2022-11-07 22:33:42.606
29107000,0.0323,1,2022-11-07 22:33:42.606
29109000,0.1407,1,2022-11-07 22:33:42.606
29112000,0.1017,1,2022-11-07 22:33:42.606
29113000,0.3726,1,2022-11-07 22:33:42.606
29116000,0.6181,1,2022-11-07 22:33:42.606
29099000,0.0845,0,2022-11-07 22:33:43.595
29097000,0.6725,0,2022-11-07 22:33:43.595
29095000,0.4986,0,2022-11-07 22:33:43.595
29094000,0.085,0,2022-11-07 22:33:43.595
29093000,0.0889,0,2022-11-07 22:33:43.595
29107000,0.0323,1,2022-11-07 22:33:43.595
29109000,0.1407,1,2022-11-07 22:33:43.595
29112000,0.1417,1,2022-11-07 22:33:43.595
29113000,0.3726,1,2022-11-07 22:33:43.595
29114000,0.0645,1,2022-11-07 22:33:43.595
29095000,0.4986,0,2022-11-07 22:33:45.528
29094000,0.085,0,2022-11-07 22:33:45.528
29093000,0.1298,0,2022-11-07 22:33:45.528
29091000,0.0529,0,2022-11-07 22:33:45.528
29090000,0.4954,0,2022-11-07 22:33:45.528
29106000,0.0847,1,2022-11-07 22:33:45.528
29107000,0.0323,1,2022-11-07 22:33:45.528
29109000,0.1786,1,2022-11-07 22:33:45.528
29111000,0.1161,1,2022-11-07 22:33:45.528
29112000,0.1017,1,2022-11-07 22:33:45.528
29095000,0.4986,0,2022-11-07 22:33:46.618
29094000,0.137,0,2022-11-07 22:33:46.618
29093000,0.1298,0,2022-11-07 22:33:46.618
29091000,0.0529,0,2022-11-07 22:33:46.618
29090000,0.4954,0,2022-11-07 22:33:46.618
29106000,0.0847,1,2022-11-07 22:33:46.618
29107000,0.0323,1,2022-11-07 22:33:46.618
29109000,0.1786,1,2022-11-07 22:33:46.618
29111000,0.0516,1,2022-11-07 22:33:46.618
29112000,0.0503,1,2022-11-07 22:33:46.618
29095000,0.4482,0,2022-11-07 22:33:48.443
29094000,0.085,0,2022-11-07 22:33:48.443
29093000,0.1298,0,2022-11-07 22:33:48.443
29091000,0.0529,0,2022-11-07 22:33:48.443
29090000,0.4954,0,2022-11-07 22:33:48.443
29106000,0.0847,1,2022-11-07 22:33:48.443
29107000,0.0323,1,2022-11-07 22:33:48.443
29108000,0.0645,1,2022-11-07 22:33:48.443
29109000,0.1786,1,2022-11-07 22:33:48.443
29110000,0.0519,1,2022-11-07 22:33:48.443
29099000,0.0913,0,2022-11-07 22:33:49.543
29096000,0.05,0,2022-11-07 22:33:49.543
29095000,0.4482,0,2022-11-07 22:33:49.543
29094000,0.1343,0,2022-11-07 22:33:49.543
29093000,0.1298,0,2022-11-07 22:33:49.543
29106000,0.0847,1,2022-11-07 22:33:49.543
29107000,0.0323,1,2022-11-07 22:33:49.543
29109000,0.1786,1,2022-11-07 22:33:49.543
29110000,0.0519,1,2022-11-07 22:33:49.543
29112000,0.6503,1,2022-11-07 22:33:49.543
29099000,0.0913,0,2022-11-07 22:33:50.586
29097000,0.0353,0,2022-11-07 22:33:50.586
29096000,0.05,0,2022-11-07 22:33:50.586
29095000,0.4997,0,2022-11-07 22:33:50.586
29094000,0.1343,0,2022-11-07 22:33:50.586
29106000,0.0847,1,2022-11-07 22:33:50.586
29107000,0.0323,1,2022-11-07 22:33:50.586
29109000,0.1407,1,2022-11-07 22:33:50.586
29110000,0.0519,1,2022-11-07 22:33:50.586
29111000,0.0645,1,2022-11-07 22:33:50.586
29101000,0.084,0,2022-11-07 22:33:52.567
29100000,0.0628,0,2022-11-07 22:33:52.567
29099000,0.268,0,2022-11-07 22:33:52.567
29097000,0.0881,0,2022-11-07 22:33:52.567
29096000,0.0891,0,2022-11-07 22:33:52.567
29107000,0.0323,1,2022-11-07 22:33:52.567
29109000,0.056,1,2022-11-07 22:33:52.567
29111000,0.0896,1,2022-11-07 22:33:52.567
29112000,0.0503,1,2022-11-07 22:33:52.567
29113000,0.3726,1,2022-11-07 22:33:52.567
29102000,0.0898,0,2022-11-07 22:33:53.632
29101000,0.084,0,2022-11-07 22:33:53.632
29100000,0.0628,0,2022-11-07 22:33:53.632
29099000,0.268,0,2022-11-07 22:33:53.632
29098000,0.0498,0,2022-11-07 22:33:53.632
29107000,0.0323,1,2022-11-07 22:33:53.632
29109000,0.056,1,2022-11-07 22:33:53.632
29112000,0.0503,1,2022-11-07 22:33:53.632
29113000,0.3726,1,2022-11-07 22:33:53.632
29115000,0.0525,1,2022-11-07 22:33:53.632
29102000,0.0898,0,2022-11-07 22:33:54.563
29101000,0.084,0,2022-11-07 22:33:54.563
29100000,0.0934,0,2022-11-07 22:33:54.563
29099000,0.1825,0,2022-11-07 22:33:54.563
29098000,0.0498,0,2022-11-07 22:33:54.563
29109000,0.056,1,2022-11-07 22:33:54.563
29110000,0.0875,1,2022-11-07 22:33:54.563
29112000,0.136,1,2022-11-07 22:33:54.563
29113000,0.3726,1,2022-11-07 22:33:54.563
29115000,0.0525,1,2022-11-07 22:33:54.563
29094000,0.0302,0,2022-11-07 22:33:57.605
29091000,0.0529,0,2022-11-07 22:33:57.605
29090000,0.4954,0,2022-11-07 22:33:57.605
29089000,0.3757,0,2022-11-07 22:33:57.605
29088000,0.5887,0,2022-11-07 22:33:57.605
29098000,0.1717,1,2022-11-07 22:33:57.605
29099000,0.1525,1,2022-11-07 22:33:57.605
29105000,0.0907,1,2022-11-07 22:33:57.605
29106000,0.4726,1,2022-11-07 22:33:57.605
29107000,0.1052,1,2022-11-07 22:33:57.605
29091000,0.0529,0,2022-11-07 22:34:00.659
29090000,0.5831,0,2022-11-07 22:34:00.659
29089000,0.4078,0,2022-11-07 22:34:00.659
29088000,0.5887,0,2022-11-07 22:34:00.659
29087000,0.0997,0,2022-11-07 22:34:00.659
29098000,0.1498,1,2022-11-07 22:34:00.659
29099000,0.1525,1,2022-11-07 22:34:00.659
29101000,0.0315,1,2022-11-07 22:34:00.659
29103000,0.1406,1,2022-11-07 22:34:00.659
29105000,0.0527,1,2022-11-07 22:34:00.659
29091000,0.0529,0,2022-11-07 22:34:04.546
29090000,0.5831,0,2022-11-07 22:34:04.546
29089000,0.4078,0,2022-11-07 22:34:04.546
29088000,0.5887,0,2022-11-07 22:34:04.546
29087000,0.0997,0,2022-11-07 22:34:04.546
29099000,0.1525,1,2022-11-07 22:34:04.546
29101000,0.0315,1,2022-11-07 22:34:04.546
29103000,0.1025,1,2022-11-07 22:34:04.546
29106000,0.4726,1,2022-11-07 22:34:04.546
29107000,0.0534,1,2022-11-07 22:34:04.546
29093000,0.0855,0,2022-11-07 22:34:06.578
29091000,0.1056,0,2022-11-07 22:34:06.578
29090000,0.6447,0,2022-11-07 22:34:06.578
29089000,0.4968,0,2022-11-07 22:34:06.578
29088000,0.5887,0,2022-11-07 22:34:06.578
29101000,0.0315,1,2022-11-07 22:34:06.578
29103000,0.0513,1,2022-11-07 22:34:06.578
29106000,0.4726,1,2022-11-07 22:34:06.578
29107000,0.1049,1,2022-11-07 22:34:06.578
29109000,0.0319,1,2022-11-07 22:34:06.578
29093000,0.0855,0,2022-11-07 22:34:08.500
29091000,0.1056,0,2022-11-07 22:34:08.500
29090000,0.6447,0,2022-11-07 22:34:08.500
29089000,0.4968,0,2022-11-07 22:34:08.500
29088000,0.5887,0,2022-11-07 22:34:08.500
29101000,0.0315,1,2022-11-07 22:34:08.500
29103000,0.1377,1,2022-11-07 22:34:08.500
29106000,0.4726,1,2022-11-07 22:34:08.500
29107000,0.1436,1,2022-11-07 22:34:08.500
29109000,0.0319,1,2022-11-07 22:34:08.500
29091000,0.0529,0,2022-11-07 22:34:10.660
29090000,0.4954,0,2022-11-07 22:34:10.660
29089000,0.0321,0,2022-11-07 22:34:10.660
29088000,0.5028,0,2022-11-07 22:34:10.660
29087000,0.0885,0,2022-11-07 22:34:10.660
29093000,0.1637,1,2022-11-07 22:34:10.660
29099000,0.4458,1,2022-11-07 22:34:10.660
29101000,0.1148,1,2022-11-07 22:34:10.660
29103000,0.1377,1,2022-11-07 22:34:10.660
29105000,0.6645,1,2022-11-07 22:34:10.660
29090000,0.4954,0,2022-11-07 22:34:12.616
29089000,0.0321,0,2022-11-07 22:34:12.616
29088000,0.5028,0,2022-11-07 22:34:12.616
29086000,0.0883,0,2022-11-07 22:34:12.616
29085000,0.47,0,2022-11-07 22:34:12.616
29093000,0.1637,1,2022-11-07 22:34:12.616
29095000,0.0868,1,2022-11-07 22:34:12.616
29096000,0.04,1,2022-11-07 22:34:12.616
29099000,0.4982,1,2022-11-07 22:34:12.616
29101000,0.1148,1,2022-11-07 22:34:12.616
29090000,0.6473,0,2022-11-07 22:34:16.432
29089000,0.0321,0,2022-11-07 22:34:16.432
29088000,0.994,0,2022-11-07 22:34:16.432
29087000,0.0607,0,2022-11-07 22:34:16.432
29086000,0.1281,0,2022-11-07 22:34:16.432
29099000,0.0851,1,2022-11-07 22:34:16.432
29101000,0.0833,1,2022-11-07 22:34:16.432
29102000,0.0391,1,2022-11-07 22:34:16.432
29103000,0.1377,1,2022-11-07 22:34:16.432
29104000,0.0491,1,2022-11-07 22:34:16.432
29090000,0.6473,0,2022-11-07 22:34:19.698
29089000,0.0321,0,2022-11-07 22:34:19.698
29088000,0.994,0,2022-11-07 22:34:19.698
29086000,0.1281,0,2022-11-07 22:34:19.698
29085000,0.47,0,2022-11-07 22:34:19.698
29099000,0.028,1,2022-11-07 22:34:19.698
29101000,0.0833,1,2022-11-07 22:34:19.698
29102000,0.0391,1,2022-11-07 22:34:19.698
29103000,0.1377,1,2022-11-07 22:34:19.698
29104000,0.0491,1,2022-11-07 22:34:19.698
29090000,0.6473,0,2022-11-07 22:34:21.562
29089000,0.0321,0,2022-11-07 22:34:21.562
29088000,0.994,0,2022-11-07 22:34:21.562
29086000,0.1281,0,2022-11-07 22:34:21.562
29085000,0.47,0,2022-11-07 22:34:21.562
29101000,0.0833,1,2022-11-07 22:34:21.562
29102000,0.0391,1,2022-11-07 22:34:21.562
29103000,0.1878,1,2022-11-07 22:34:21.562
29104000,0.0491,1,2022-11-07 22:34:21.562
29106000,0.5233,1,2022-11-07 22:34:21.562
29092000,0.0845,0,2022-11-07 22:34:23.451
29091000,0.0527,0,2022-11-07 22:34:23.451
29090000,0.6473,0,2022-11-07 22:34:23.451
29089000,0.0321,0,2022-11-07 22:34:23.451
29088000,1.0454,0,2022-11-07 22:34:23.451
29101000,0.0697,1,2022-11-07 22:34:23.451
29102000,0.0391,1,2022-11-07 22:34:23.451
29103000,0.1878,1,2022-11-07 22:34:23.451
29106000,0.5233,1,2022-11-07 22:34:23.451
29108000,0.1944,1,2022-11-07 22:34:23.451
29092000,0.0845,0,2022-11-07 22:34:24.515
29091000,0.0527,0,2022-11-07 22:34:24.515
29090000,0.6473,0,2022-11-07 22:34:24.515
29089000,0.1224,0,2022-11-07 22:34:24.515
29088000,1.0454,0,2022-11-07 22:34:24.515
29103000,0.1377,1,2022-11-07 22:34:24.515
29106000,0.5233,1,2022-11-07 22:34:24.515
29108000,0.1944,1,2022-11-07 22:34:24.515
29109000,0.0319,1,2022-11-07 22:34:24.515
29112000,0.5821,1,2022-11-07 22:34:24.515
29092000,0.0702,0,2022-11-07 22:34:25.567
29091000,0.0527,0,2022-11-07 22:34:25.567
29090000,0.6473,0,2022-11-07 22:34:25.567
29089000,0.1224,0,2022-11-07 22:34:25.567
29088000,0.993,0,2022-11-07 22:34:25.567
29103000,0.1377,1,2022-11-07 22:34:25.567
29104000,0.0405,1,2022-11-07 22:34:25.567
29105000,0.0515,1,2022-11-07 22:34:25.567
29106000,0.5233,1,2022-11-07 22:34:25.567
29108000,0.1944,1,2022-11-07 22:34:25.567
29092000,0.0702,0,2022-11-07 22:34:27.593
29091000,0.0527,0,2022-11-07 22:34:27.593
29090000,0.6473,0,2022-11-07 22:34:27.593
29089000,0.1224,0,2022-11-07 22:34:27.593
29088000,0.993,0,2022-11-07 22:34:27.593
29101000,0.0831,1,2022-11-07 22:34:27.593
29103000,0.1377,1,2022-11-07 22:34:27.593
29104000,0.0405,1,2022-11-07 22:34:27.593
29105000,0.0515,1,2022-11-07 22:34:27.593
29106000,0.5233,1,2022-11-07 22:34:27.593
29091000,0.0527,0,2022-11-07 22:34:28.449
29090000,0.6473,0,2022-11-07 22:34:28.449
29089000,0.0825,0,2022-11-07 22:34:28.449
29088000,0.993,0,2022-11-07 22:34:28.449
29086000,0.0883,0,2022-11-07 22:34:28.449
29101000,0.0831,1,2022-11-07 22:34:28.449
29102000,0.0309,1,2022-11-07 22:34:28.449
29103000,0.1377,1,2022-11-07 22:34:28.449
29104000,0.0405,1,2022-11-07 22:34:28.449
29105000,0.0515,1,2022-11-07 22:34:28.449
29091000,0.0026,0,2022-11-07 22:34:29.539
29090000,0.6473,0,2022-11-07 22:34:29.539
29089000,0.0825,0,2022-11-07 22:34:29.539
29088000,0.993,0,2022-11-07 22:34:29.539
29087000,0.0395,0,2022-11-07 22:34:29.539
29101000,0.0831,1,2022-11-07 22:34:29.539
29102000,0.0309,1,2022-11-07 22:34:29.539
29103000,0.1377,1,2022-11-07 22:34:29.539
29104000,0.0405,1,2022-11-07 22:34:29.539
29105000,0.0515,1,2022-11-07 22:34:29.539
29092000,0.088,0,2022-11-07 22:34:31.598
29091000,0.0026,0,2022-11-07 22:34:31.598
29090000,0.6473,0,2022-11-07 22:34:31.598
29089000,0.0825,0,2022-11-07 22:34:31.598
29088000,0.993,0,2022-11-07 22:34:31.598
29101000,0.0831,1,2022-11-07 22:34:31.598
29102000,0.0309,1,2022-11-07 22:34:31.598
29103000,0.1377,1,2022-11-07 22:34:31.598
29104000,0.0405,1,2022-11-07 22:34:31.598
29105000,0.0515,1,2022-11-07 22:34:31.598
29092000,0.0817,0,2022-11-07 22:34:32.415
29091000,0.0026,0,2022-11-07 22:34:32.415
29090000,0.6473,0,2022-11-07 22:34:32.415
29089000,0.0825,0,2022-11-07 22:34:32.415
29088000,0.993,0,2022-11-07 22:34:32.415
29101000,0.0831,1,2022-11-07 22:34:32.415
29102000,0.0309,1,2022-11-07 22:34:32.415
29103000,0.1377,1,2022-11-07 22:34:32.415
29104000,0.0405,1,2022-11-07 22:34:32.415
29105000,0.0515,1,2022-11-07 22:34:32.415
29092000,0.0817,0,2022-11-07 22:34:34.269
29091000,0.0026,0,2022-11-07 22:34:34.269
29090000,0.6473,0,2022-11-07 22:34:34.269
29089000,0.0825,0,2022-11-07 22:34:34.269
29088000,0.993,0,2022-11-07 22:34:34.269
29101000,0.0831,1,2022-11-07 22:34:34.269
29102000,0.0309,1,2022-11-07 22:34:34.269
29103000,0.1377,1,2022-11-07 22:34:34.269
29104000,0.0405,1,2022-11-07 22:34:34.269
29105000,0.0515,1,2022-11-07 22:34:34.269
29092000,0.0817,0,2022-11-07 22:34:35.548
29091000,0.0026,0,2022-11-07 22:34:35.548
29090000,0.6473,0,2022-11-07 22:34:35.548
29089000,0.0825,0,2022-11-07 22:34:35.548
29088000,0.993,0,2022-11-07 22:34:35.548
29101000,0.0831,1,2022-11-07 22:34:35.548
29102000,0.0309,1,2022-11-07 22:34:35.548
29103000,0.1377,1,2022-11-07 22:34:35.548
29104000,0.0405,1,2022-11-07 22:34:35.548
29105000,0.0515,1,2022-11-07 22:34:35.548
29092000,0.0817,0,2022-11-07 22:34:36.563
29091000,0.0026,0,2022-11-07 22:34:36.563
29090000,0.6473,0,2022-11-07 22:34:36.563
29089000,0.0825,0,2022-11-07 22:34:36.563
29088000,0.993,0,2022-11-07 22:34:36.563
29101000,0.0831,1,2022-11-07 22:34:36.563
29102000,0.0309,1,2022-11-07 22:34:36.563
29103000,0.1377,1,2022-11-07 22:34:36.563
29104000,0.0405,1,2022-11-07 22:34:36.563
29105000,0.0515,1,2022-11-07 22:34:36.563
29092000,0.0697,0,2022-11-07 22:34:37.486
29091000,0.0026,0,2022-11-07 22:34:37.486
29090000,0.6872,0,2022-11-07 22:34:37.486
29089000,0.0825,0,2022-11-07 22:34:37.486
29088000,0.993,0,2022-11-07 22:34:37.486
29102000,0.0309,1,2022-11-07 22:34:37.486
29103000,0.1377,1,2022-11-07 22:34:37.486
29105000,0.0515,1,2022-11-07 22:34:37.486
29106000,0.5233,1,2022-11-07 22:34:37.486
29108000,0.1944,1,2022-11-07 22:34:37.486
29093000,0.088,0,2022-11-07 22:34:39.549
29092000,0.0697,0,2022-11-07 22:34:39.549
29091000,0.0552,0,2022-11-07 22:34:39.549
29090000,0.6872,0,2022-11-07 22:34:39.549
29089000,0.0321,0,2022-11-07 22:34:39.549
29102000,0.0309,1,2022-11-07 22:34:39.549
29103000,0.1377,1,2022-11-07 22:34:39.549
29106000,0.5233,1,2022-11-07 22:34:39.549
29107000,0.0524,1,2022-11-07 22:34:39.549
29108000,0.0389,1,2022-11-07 22:34:39.549
29093000,0.4954,0,2022-11-07 22:34:40.556
29092000,0.0845,0,2022-11-07 22:34:40.556
29091000,0.0552,0,2022-11-07 22:34:40.556
29090000,0.6,0,2022-11-07 22:34:40.556
29089000,0.0321,0,2022-11-07 22:34:40.556
29100000,0.0865,1,2022-11-07 22:34:40.556
29102000,0.0309,1,2022-11-07 22:34:40.556
29103000,0.1377,1,2022-11-07 22:34:40.556
29105000,0.0396,1,2022-11-07 22:34:40.556
29106000,0.5233,1,2022-11-07 22:34:40.556
29100000,0.0143,0,2022-11-07 22:34:41.561
29093000,0.4954,0,2022-11-07 22:34:41.561
29092000,0.0845,0,2022-11-07 22:34:41.561
29091000,0.0552,0,2022-11-07 22:34:41.561
29090000,0.6,0,2022-11-07 22:34:41.561
29102000,0.0309,1,2022-11-07 22:34:41.561
29103000,0.1377,1,2022-11-07 22:34:41.561
29105000,0.0396,1,2022-11-07 22:34:41.561
29106000,0.5746,1,2022-11-07 22:34:41.561
29107000,0.0524,1,2022-11-07 22:34:41.561
29093000,0.5578,0,2022-11-07 22:34:43.498
29092000,0.1348,0,2022-11-07 22:34:43.498
29091000,0.0026,0,2022-11-07 22:34:43.498
29090000,0.5353,0,2022-11-07 22:34:43.498
29089000,0.0321,0,2022-11-07 22:34:43.498
29102000,0.0309,1,2022-11-07 22:34:43.498
29103000,0.1377,1,2022-11-07 22:34:43.498
29106000,0.5233,1,2022-11-07 22:34:43.498
29108000,0.0901,1,2022-11-07 22:34:43.498
29109000,0.0319,1,2022-11-07 22:34:43.498
29093000,0.5578,0,2022-11-07 22:34:44.463
29092000,0.0845,0,2022-11-07 22:34:44.463
29091000,0.0541,0,2022-11-07 22:34:44.463
29090000,0.5353,0,2022-11-07 22:34:44.463
29089000,0.0321,0,2022-11-07 22:34:44.463
29102000,0.0309,1,2022-11-07 22:34:44.463
29103000,0.1377,1,2022-11-07 22:34:44.463
29105000,0.0396,1,2022-11-07 22:34:44.463
29106000,0.5233,1,2022-11-07 22:34:44.463
29107000,0.0526,1,2022-11-07 22:34:44.463
29093000,0.5578,0,2022-11-07 22:34:45.493
29092000,0.0845,0,2022-11-07 22:34:45.493
29091000,0.0541,0,2022-11-07 22:34:45.493
29090000,0.5353,0,2022-11-07 22:34:45.493
29089000,0.0321,0,2022-11-07 22:34:45.493
29102000,0.0309,1,2022-11-07 22:34:45.493
29103000,0.1377,1,2022-11-07 22:34:45.493
29105000,0.0396,1,2022-11-07 22:34:45.493
29106000,0.5233,1,2022-11-07 22:34:45.493
29107000,0.0526,1,2022-11-07 22:34:45.493
29093000,0.5578,0,2022-11-07 22:34:47.507
29092000,0.0845,0,2022-11-07 22:34:47.507
29091000,0.0541,0,2022-11-07 22:34:47.507
29090000,0.5353,0,2022-11-07 22:34:47.507
29089000,0.0321,0,2022-11-07 22:34:47.507
29102000,0.0309,1,2022-11-07 22:34:47.507
29103000,0.1377,1,2022-11-07 22:34:47.507
29106000,0.5233,1,2022-11-07 22:34:47.507
29107000,0.0526,1,2022-11-07 22:34:47.507
29108000,0.0402,1,2022-11-07 22:34:47.507
29093000,0.5578,0,2022-11-07 22:34:48.531
29092000,0.0845,0,2022-11-07 22:34:48.531
29091000,0.0541,0,2022-11-07 22:34:48.531
29090000,0.5353,0,2022-11-07 22:34:48.531
29089000,0.0321,0,2022-11-07 22:34:48.531
29102000,0.0309,1,2022-11-07 22:34:48.531
29103000,0.1377,1,2022-11-07 22:34:48.531
29106000,0.5614,1,2022-11-07 22:34:48.531
29107000,0.0526,1,2022-11-07 22:34:48.531
29109000,0.0319,1,2022-11-07 22:34:48.531
29093000,0.5578,0,2022-11-07 22:34:49.477
29092000,0.0845,0,2022-11-07 22:34:49.477
29091000,0.0541,0,2022-11-07 22:34:49.477
29090000,0.5353,0,2022-11-07 22:34:49.477
29089000,0.0321,0,2022-11-07 22:34:49.477
29102000,0.0309,1,2022-11-07 22:34:49.477
29103000,0.1377,1,2022-11-07 22:34:49.477
29106000,0.5614,1,2022-11-07 22:34:49.477
29107000,0.0526,1,2022-11-07 22:34:49.477
29109000,0.0319,1,2022-11-07 22:34:49.477
29093000,0.5578,0,2022-11-07 22:34:50.689
29092000,0.0845,0,2022-11-07 22:34:50.689
29091000,0.0541,0,2022-11-07 22:34:50.689
29090000,0.5353,0,2022-11-07 22:34:50.689
29089000,0.0321,0,2022-11-07 22:34:50.689
29102000,0.0309,1,2022-11-07 22:34:50.689
29103000,0.1377,1,2022-11-07 22:34:50.689
29106000,0.5614,1,2022-11-07 22:34:50.689
29107000,0.0526,1,2022-11-07 22:34:50.689
29109000,0.0319,1,2022-11-07 22:34:50.689
29093000,0.2899,0,2022-11-07 22:34:52.590
29092000,0.0845,0,2022-11-07 22:34:52.590
29091000,0.0541,0,2022-11-07 22:34:52.590
29090000,0.5353,0,2022-11-07 22:34:52.590
29089000,0.0321,0,2022-11-07 22:34:52.590
29100000,0.0872,1,2022-11-07 22:34:52.590
29102000,0.0309,1,2022-11-07 22:34:52.590
29103000,0.1377,1,2022-11-07 22:34:52.590
29105000,0.0492,1,2022-11-07 22:34:52.590
29106000,0.5614,1,2022-11-07 22:34:52.590
29093000,0.2899,0,2022-11-07 22:34:53.453
29092000,0.0845,0,2022-11-07 22:34:53.453
29091000,0.0541,0,2022-11-07 22:34:53.453
29090000,0.5353,0,2022-11-07 22:34:53.453
29089000,0.0321,0,2022-11-07 22:34:53.453
29100000,0.0872,1,2022-11-07 22:34:53.453
29102000,0.0309,1,2022-11-07 22:34:53.453
29103000,0.1377,1,2022-11-07 22:34:53.453
29105000,0.0492,1,2022-11-07 22:34:53.453
29106000,0.5614,1,2022-11-07 22:34:53.453
29092000,0.0892,0,2022-11-07 22:34:54.621
29091000,0.0026,0,2022-11-07 22:34:54.621
29090000,0.5562,0,2022-11-07 22:34:54.621
29089000,0.1233,0,2022-11-07 22:34:54.621
29088000,0.993,0,2022-11-07 22:34:54.621
29100000,0.0872,1,2022-11-07 22:34:54.621
29102000,0.0309,1,2022-11-07 22:34:54.621
29103000,0.1377,1,2022-11-07 22:34:54.621
29104000,0.0388,1,2022-11-07 22:34:54.621
29105000,0.0492,1,2022-11-07 22:34:54.621
29092000,0.0892,0,2022-11-07 22:34:56.499
29091000,0.0026,0,2022-11-07 22:34:56.499
29090000,0.0608,0,2022-11-07 22:34:56.499
29089000,0.1233,0,2022-11-07 22:34:56.499
29088000,0.993,0,2022-11-07 22:34:56.499
29100000,0.0872,1,2022-11-07 22:34:56.499
29102000,0.0309,1,2022-11-07 22:34:56.499
29103000,0.1377,1,2022-11-07 22:34:56.499
29104000,0.0388,1,2022-11-07 22:34:56.499
29105000,0.0492,1,2022-11-07 22:34:56.499
29092000,0.0794,0,2022-11-07 22:34:57.543
29091000,0.0026,0,2022-11-07 22:34:57.543
29090000,0.0608,0,2022-11-07 22:34:57.543
29089000,0.1233,0,2022-11-07 22:34:57.543
29088000,0.993,0,2022-11-07 22:34:57.543
29100000,0.0872,1,2022-11-07 22:34:57.543
29102000,0.0309,1,2022-11-07 22:34:57.543
29103000,0.1377,1,2022-11-07 22:34:57.543
29104000,0.0388,1,2022-11-07 22:34:57.543
29105000,0.0492,1,2022-11-07 22:34:57.543
29092000,0.0713,0,2022-11-07 22:34:59.638
29091000,0.0026,0,2022-11-07 22:34:59.638
29090000,0.0608,0,2022-11-07 22:34:59.638
29089000,0.1233,0,2022-11-07 22:34:59.638
29088000,0.993,0,2022-11-07 22:34:59.638
29100000,0.0872,1,2022-11-07 22:34:59.638
29102000,0.0309,1,2022-11-07 22:34:59.638
29103000,0.1377,1,2022-11-07 22:34:59.638
29104000,0.0388,1,2022-11-07 22:34:59.638
29105000,0.0492,1,2022-11-07 22:34:59.638
29092000,0.0713,0,2022-11-07 22:35:00.579
29091000,0.0026,0,2022-11-07 22:35:00.579
29090000,0.1111,0,2022-11-07 22:35:00.579
29089000,0.1233,0,2022-11-07 22:35:00.579
29088000,0.993,0,2022-11-07 22:35:00.579
29102000,0.0309,1,2022-11-07 22:35:00.579
29103000,0.1377,1,2022-11-07 22:35:00.579
29104000,0.0388,1,2022-11-07 22:35:00.579
29105000,0.0492,1,2022-11-07 22:35:00.579
29106000,0.5233,1,2022-11-07 22:35:00.579
29094000,0.101,0,2022-11-07 22:35:02.458
29093000,0.2,0,2022-11-07 22:35:02.458
29092000,0.163,0,2022-11-07 22:35:02.458
29091000,0.0479,0,2022-11-07 22:35:02.458
29090000,0.1111,0,2022-11-07 22:35:02.458
29102000,0.0254,1,2022-11-07 22:35:02.458
29106000,0.4367,1,2022-11-07 22:35:02.458
29107000,0.0851,1,2022-11-07 22:35:02.458
29108000,0.0574,1,2022-11-07 22:35:02.458
29109000,0.0964,1,2022-11-07 22:35:02.458
29096000,0.1477,0,2022-11-07 22:35:03.481
